<?xml version="1.0" encoding="UTF-8"?>
<!DOCTYPE html PUBLIC "-//W3C//DTD XHTML 1.0 Transitional//EN"
    "http://www.w3.org/TR/xhtml1/DTD/xhtml1-transitional.dtd">
<html xmlns="http://www.w3.org/1999/xhtml" xml:lang="en" lang="en">
 <head>
  <title>
</title>
<meta http-equiv="Content-Type" content="text/html;charset=utf-8" />
  <meta name='ocr-system' content='tesseract 3.04.00' />
  <meta name='ocr-capabilities' content='ocr_page ocr_carea ocr_par ocr_line ocrx_word'/>
</head>
<body>
  <div class='ocr_page' id='page_1' title='image "./conditionalperi00eldegoog_0053.png"; bbox 0 0 3194 5250; ppageno 0'>
   <div class='ocr_carea' id='block_1_1' title="bbox 206 510 530 584">
    <p class='ocr_par' dir='ltr' id='par_1_1' title="bbox 206 510 530 584">
     <span class='ocr_line' id='line_1_1' title="bbox 206 510 530 584; baseline -0.003 -18"><span class='ocrx_word' id='word_1_1' title='bbox 206 510 301 584; x_wconf 70' lang='lat' dir='ltr'>Epist.</span> <span class='ocrx_word' id='word_1_2' title='bbox 320 510 348 576; x_wconf 86' lang='lat' dir='ltr'>l,</span> <span class='ocrx_word' id='word_1_3' title='bbox 370 510 418 576; x_wconf 87' lang='grc'>16,</span> <span class='ocrx_word' id='word_1_4' title='bbox 436 511 530 566; x_wconf 68' lang='lat' dir='ltr'>tat-29</span> 
     </span>
    </p>
   </div>
   <div class='ocr_carea' id='block_1_2' title="bbox 334 625 1165 1029">
    <p class='ocr_par' dir='ltr' id='par_1_2' title="bbox 335 625 971 695">
     <span class='ocr_line' id='line_1_2' title="bbox 335 625 971 695; baseline 0.006 -19"><span class='ocrx_word' id='word_1_5' title='bbox 335 625 434 692; x_wconf 84' lang='lat' dir='ltr'>Siquis</span> <span class='ocrx_word' id='word_1_6' title='bbox 446 627 525 677; x_wconf 88' lang='lat' dir='ltr'>bella</span> <span class='ocrx_word' id='word_1_7' title='bbox 537 626 592 678; x_wconf 91' lang='lat' dir='ltr'>tibi</span> <span class='ocrx_word' id='word_1_8' title='bbox 605 632 683 679; x_wconf 88' lang='lat' dir='ltr'>terra</span> <span class='ocrx_word' id='word_1_9' title='bbox 695 634 826 694; x_wconf 88' lang='lat' dir='ltr'>pugnata</span> <span class='ocrx_word' id='word_1_10' title='bbox 839 628 971 695; x_wconf 88' lang='lat' dir='ltr'>merique</span> 
     </span>
    </p>

    <p class='ocr_par' dir='ltr' id='par_1_3' title="bbox 334 708 1052 777">
     <span class='ocr_line' id='line_1_3' title="bbox 334 708 1052 777; baseline 0.007 -18"><span class='ocrx_word' id='word_1_11' title='bbox 334 708 414 760; x_wconf 88' lang='lat' dir='ltr'>dicet</span> <span class='ocrx_word' id='word_1_12' title='bbox 426 716 455 761; x_wconf 90' lang='lat' dir='ltr'>et</span> <span class='ocrx_word' id='word_1_13' title='bbox 468 709 515 761; x_wconf 92' lang='lat' dir='ltr'>his</span> <span class='ocrx_word' id='word_1_14' title='bbox 528 710 625 762; x_wconf 84' lang='lat' dir='ltr'>verbis</span> <span class='ocrx_word' id='word_1_15' title='bbox 639 727 744 762; x_wconf 89' lang='lat' dir='ltr'>vacuas</span> <span class='ocrx_word' id='word_1_16' title='bbox 757 715 943 777; x_wconf 89' lang='lat' dir='ltr'>permulceat</span> <span class='ocrx_word' id='word_1_17' title='bbox 954 713 1052 764; x_wconf 89' lang='lat' dir='ltr'>auris:</span> 
     </span>
    </p>

    <p class='ocr_par' dir='ltr' id='par_1_4' title="bbox 338 791 1165 1029">
     <span class='ocr_line' id='line_1_4' title="bbox 338 791 1165 863; baseline 0.006 -20"><span class='ocrx_word' id='word_1_18' title='bbox 338 791 426 844; x_wconf 88' lang='lat' dir='ltr'>‘Tene</span> <span class='ocrx_word' id='word_1_19' title='bbox 440 793 534 860; x_wconf 85' lang='lat' dir='ltr'>magis</span> <span class='ocrx_word' id='word_1_20' title='bbox 547 794 663 846; x_wconf 90' lang='lat' dir='ltr'>salvum</span> <span class='ocrx_word' id='word_1_21' title='bbox 676 796 806 861; x_wconf 90' lang='lat' dir='ltr'>populus</span> <span class='ocrx_word' id='word_1_22' title='bbox 826 795 900 847; x_wconf 89' lang='lat' dir='ltr'>velit</span> <span class='ocrx_word' id='word_1_23' title='bbox 911 812 948 847; x_wconf 92' lang='lat' dir='ltr'>an</span> <span class='ocrx_word' id='word_1_24' title='bbox 961 797 1109 863; x_wconf 90' lang='lat' dir='ltr'>populum</span> <span class='ocrx_word' id='word_1_25' title='bbox 1122 803 1165 859; x_wconf 87' lang='lat' dir='ltr'>tu,</span> 
     </span>
     <span class='ocr_line' id='line_1_5' title="bbox 340 877 1080 944; baseline 0.004 -16"><span class='ocrx_word' id='word_1_26' title='bbox 340 884 435 928; x_wconf 88' lang='lat' dir='ltr'>servet</span> <span class='ocrx_word' id='word_1_27' title='bbox 448 877 480 927; x_wconf 90' lang='lat' dir='ltr'>in</span> <span class='ocrx_word' id='word_1_28' title='bbox 493 877 632 943; x_wconf 90' lang='lat' dir='ltr'>ambiguo</span> <span class='ocrx_word' id='word_1_29' title='bbox 645 877 696 944; x_wconf 92' lang='lat' dir='ltr'>qui</span> <span class='ocrx_word' id='word_1_30' title='bbox 709 878 841 930; x_wconf 87' lang='lat' dir='ltr'>consulit</span> <span class='ocrx_word' id='word_1_31' title='bbox 852 884 883 930; x_wconf 90' lang='lat' dir='ltr'>et</span> <span class='ocrx_word' id='word_1_32' title='bbox 894 879 949 931; x_wconf 90' lang='lat' dir='ltr'>tibi</span> <span class='ocrx_word' id='word_1_33' title='bbox 961 885 991 931; x_wconf 91' lang='lat' dir='ltr'>et</span> <span class='ocrx_word' id='word_1_34' title='bbox 1003 880 1080 941; x_wconf 91' lang='lat' dir='ltr'>urbi,</span> 
     </span>
     <span class='ocr_line' id='line_1_6' title="bbox 338 960 1072 1029; baseline 0.004 -17"><span class='ocrx_word' id='word_1_35' title='bbox 338 960 495 1027; x_wconf 86' lang='lat' dir='ltr'>Iuppiter‚’</span> <span class='ocrx_word' id='word_1_36' title='bbox 510 960 638 1026; x_wconf 82' lang='lat' dir='ltr'><strong>Augusti</strong></span> <span class='ocrx_word' id='word_1_37' title='bbox 651 961 754 1012; x_wconf 90' lang='lat' dir='ltr'>laudes</span> <span class='ocrx_word' id='word_1_38' title='bbox 767 962 946 1028; x_wconf 86' lang='lat' dir='ltr'>adgnoscere</span> <span class='ocrx_word' id='word_1_39' title='bbox 960 963 1072 1029; x_wconf 85' lang='lat' dir='ltr'>poesis:</span> 
     </span>
    </p>
   </div>
   <div class='ocr_carea' id='block_1_3' title="bbox 201 1080 503 1154">
    <p class='ocr_par' dir='ltr' id='par_1_5' title="bbox 201 1080 503 1154">
     <span class='ocr_line' id='line_1_7' title="bbox 201 1080 503 1154; baseline 0 -18"><span class='ocrx_word' id='word_1_40' title='bbox 201 1080 299 1154; x_wconf 81' lang='lat' dir='ltr'>Epist.</span> <span class='ocrx_word' id='word_1_41' title='bbox 318 1081 363 1148; x_wconf 85' lang='lat'>11,</span> <span class='ocrx_word' id='word_1_42' title='bbox 381 1083 411 1148; x_wconf 78' lang='grc'>2,</span> <span class='ocrx_word' id='word_1_43' title='bbox 430 1081 503 1136; x_wconf 79' lang='lat'>2-17</span> 
     </span>
    </p>
   </div>
   <div class='ocr_carea' id='block_1_4' title="bbox 334 1195 1068 1346">
    <p class='ocr_par' dir='ltr' id='par_1_6' title="bbox 334 1195 1068 1346">
     <span class='ocr_line' id='line_1_8' title="bbox 334 1195 1068 1262; baseline 0.005 -16"><span class='ocrx_word' id='word_1_44' title='bbox 334 1195 427 1262; x_wconf 87' lang='lat' dir='ltr'>siquis</span> <span class='ocrx_word' id='word_1_45' title='bbox 440 1196 516 1246; x_wconf 78' lang='lat' dir='ltr'>torte</span> <span class='ocrx_word' id='word_1_46' title='bbox 529 1195 604 1246; x_wconf 90' lang='lat' dir='ltr'>velit</span> <span class='ocrx_word' id='word_1_47' title='bbox 616 1210 742 1261; x_wconf 89' lang='lat' dir='ltr'>puerum</span> <span class='ocrx_word' id='word_1_48' title='bbox 754 1196 809 1248; x_wconf 91' lang='lat' dir='ltr'>tibi</span> <span class='ocrx_word' id='word_1_49' title='bbox 822 1197 950 1249; x_wconf 89' lang='lat' dir='ltr'>vendere</span> <span class='ocrx_word' id='word_1_50' title='bbox 963 1204 1068 1250; x_wconf 88' lang='lat' dir='ltr'>netum</span> 
     </span>
     <span class='ocr_line' id='line_1_9' title="bbox 335 1277 1033 1346; baseline 0.006 -17"><span class='ocrx_word' id='word_1_51' title='bbox 335 1279 442 1330; x_wconf 88' lang='lat' dir='ltr'>Tibure</span> <span class='ocrx_word' id='word_1_52' title='bbox 456 1279 504 1331; x_wconf 90' lang='lat' dir='ltr'>vel</span> <span class='ocrx_word' id='word_1_53' title='bbox 517 1277 619 1330; x_wconf 88' lang='lat' dir='ltr'>Gabiis</span> <span class='ocrx_word' id='word_1_54' title='bbox 631 1283 662 1329; x_wconf 89' lang='lat' dir='ltr'>et</span> <span class='ocrx_word' id='word_1_55' title='bbox 673 1284 771 1330; x_wconf 88' lang='lat' dir='ltr'>tecum</span> <span class='ocrx_word' id='word_1_56' title='bbox 784 1279 826 1331; x_wconf 88' lang='lat' dir='ltr'>sic</span> <span class='ocrx_word' id='word_1_57' title='bbox 838 1286 906 1346; x_wconf 86' lang='lat' dir='ltr'>agat</span> <span class='ocrx_word' id='word_1_58' title='bbox 920 1281 1033 1333; x_wconf 84' lang='lat' dir='ltr'>“hicet</span> 
     </span>
    </p>
   </div>
   <div class='ocr_carea' id='block_1_5' title="bbox 334 1445 1065 1597">
    <p class='ocr_par' dir='ltr' id='par_1_7' title="bbox 334 1445 1065 1597">
     <span class='ocr_line' id='line_1_10' title="bbox 334 1445 1065 1514; baseline 0.004 -17"><span class='ocrx_word' id='word_1_59' title='bbox 334 1445 386 1497; x_wconf 93' lang='lat' dir='ltr'>des</span> <span class='ocrx_word' id='word_1_60' title='bbox 399 1461 547 1506; x_wconf 87' lang='lat' dir='ltr'>nummos,</span> <span class='ocrx_word' id='word_1_61' title='bbox 561 1450 686 1510; x_wconf 86' lang='lat' dir='ltr'>excepta</span> <span class='ocrx_word' id='word_1_62' title='bbox 698 1445 776 1497; x_wconf 88' lang='lat' dir='ltr'>nihil</span> <span class='ocrx_word' id='word_1_63' title='bbox 789 1446 856 1498; x_wconf 90' lang='lat' dir='ltr'>tesi</span> <span class='ocrx_word' id='word_1_64' title='bbox 870 1448 940 1514; x_wconf 83' lang='lat' dir='ltr'>iuga</span> <span class='ocrx_word' id='word_1_65' title='bbox 951 1448 1065 1500; x_wconf 90' lang='lat' dir='ltr'>laedit”</span> 
     </span>
     <span class='ocr_line' id='line_1_11' title="bbox 335 1529 1019 1597; baseline 0.003 -17"><span class='ocrx_word' id='word_1_66' title='bbox 335 1529 388 1580; x_wconf 89' lang='lat' dir='ltr'>ille</span> <span class='ocrx_word' id='word_1_67' title='bbox 402 1530 477 1580; x_wconf 83' lang='lat' dir='ltr'>ierat</span> <span class='ocrx_word' id='word_1_68' title='bbox 488 1529 619 1595; x_wconf 87' lang='lat' dir='ltr'>pretium</span> <span class='ocrx_word' id='word_1_69' title='bbox 631 1544 743 1595; x_wconf 86' lang='lat' dir='ltr'>poenae</span> <span class='ocrx_word' id='word_1_70' title='bbox 757 1545 887 1592; x_wconf 89' lang='lat' dir='ltr'>securus,</span> <span class='ocrx_word' id='word_1_71' title='bbox 902 1531 1019 1597; x_wconf 86' lang='lat' dir='ltr'>opinor.</span> 
     </span>
    </p>
   </div>
   <div class='ocr_carea' id='block_1_6' title="bbox 201 1645 817 1917">
    <p class='ocr_par' dir='ltr' id='par_1_8' title="bbox 201 1645 817 1917">
     <span class='ocr_line' id='line_1_12' title="bbox 243 1645 429 1704; baseline 0 0"><span class='ocrx_word' id='word_1_72' title='bbox 243 1649 279 1704; x_wconf 89' lang='lat' dir='ltr'>B.</span> <span class='ocrx_word' id='word_1_73' title='bbox 308 1645 344 1704; x_wconf 73' lang='lat' dir='ltr'>Si</span> <span class='ocrx_word' id='word_1_74' title='bbox 359 1667 429 1704; x_wconf 79' lang='lat' dir='ltr'>uon.</span> 
     </span>
     <span class='ocr_line' id='line_1_13' title="bbox 304 1748 817 1823; baseline 0 -18"><span class='ocrx_word' id='word_1_75' title='bbox 304 1752 354 1822; x_wconf 84' lang='lat' dir='ltr'>a).</span> <span class='ocrx_word' id='word_1_76' title='bbox 401 1749 515 1805; x_wconf 80' lang='lat' dir='ltr'>Second</span> <span class='ocrx_word' id='word_1_77' title='bbox 531 1750 642 1806; x_wconf 82' lang='lat' dir='ltr'>Persou</span> <span class='ocrx_word' id='word_1_78' title='bbox 666 1748 817 1823; x_wconf 83' lang='lat' dir='ltr'>Singular.</span> 
     </span>
     <span class='ocr_line' id='line_1_14' title="bbox 201 1847 488 1917; baseline -0.014 -10"><span class='ocrx_word' id='word_1_79' title='bbox 201 1847 300 1907; x_wconf 85' lang='lat' dir='ltr'>Serru.</span> <span class='ocrx_word' id='word_1_80' title='bbox 317 1849 362 1916; x_wconf 91' lang='grc' dir='ltr'>ΙΙ,</span> <span class='ocrx_word' id='word_1_81' title='bbox 381 1849 411 1917; x_wconf 91' lang='grc'>3,</span> <span class='ocrx_word' id='word_1_82' title='bbox 430 1851 488 1904; x_wconf 65' lang='lat'>259</span> 
     </span>
    </p>
   </div>
   <div class='ocr_carea' id='block_1_7' title="bbox 339 1964 811 2031">
    <p class='ocr_par' dir='ltr' id='par_1_9' title="bbox 339 1964 974 2031">
     <span class='ocr_line' id='line_1_15' title="bbox 339 1964 811 2031; baseline 0.003 -16"><span class='ocrx_word' id='word_1_83' title='bbox 339 2000 526 2013; x_wconf 81' lang='grc'><strong>............</strong></span> <span class='ocrx_word' id='word_1_84' title='bbox 533 1964 811 2031; x_wconf 87' lang='lat' dir='ltr'>sinondes,optet.</span> 
     </span>
    </p>
   </div>
   <div class='ocr_carea' id='block_1_8' title="bbox 242 2082 813 2259">
    <p class='ocr_par' dir='ltr' id='par_1_10' title="bbox 242 2082 813 2259">
     <span class='ocr_line' id='line_1_16' title="bbox 242 2082 376 2141; baseline -0.007 0"><span class='ocrx_word' id='word_1_85' title='bbox 242 2082 278 2141; x_wconf 89' lang='lat' dir='ltr'>C.</span> <span class='ocrx_word' id='word_1_86' title='bbox 300 2082 376 2140; x_wconf 77' lang='lat' dir='ltr'>Nisi.</span> 
     </span>
     <span class='ocr_line' id='line_1_17' title="bbox 304 2183 813 2259; baseline 0.004 -19"><span class='ocrx_word' id='word_1_87' title='bbox 304 2191 354 2259; x_wconf 84' lang='lat' dir='ltr'>a).</span> <span class='ocrx_word' id='word_1_88' title='bbox 401 2185 516 2244; x_wconf 82' lang='lat' dir='ltr'><strong>Second</strong></span> <span class='ocrx_word' id='word_1_89' title='bbox 532 2185 645 2242; x_wconf 88' lang='lat' dir='ltr'>Persou</span> <span class='ocrx_word' id='word_1_90' title='bbox 662 2183 813 2258; x_wconf 75' lang='lat' dir='ltr'>singular.</span> 
     </span>
    </p>
   </div>
   <div class='ocr_carea' id='block_1_9' title="bbox 201 2319 451 2388">
    <p class='ocr_par' dir='ltr' id='par_1_11' title="bbox 201 2319 451 2388">
     <span class='ocr_line' id='line_1_18' title="bbox 201 2319 451 2388; baseline -0.012 -13"><span class='ocrx_word' id='word_1_91' title='bbox 201 2319 299 2375; x_wconf 82' lang='lat' dir='ltr'>Serm.</span> <span class='ocrx_word' id='word_1_92' title='bbox 318 2319 344 2388; x_wconf 86' lang='lat'>1,</span> <span class='ocrx_word' id='word_1_93' title='bbox 364 2319 393 2385; x_wconf 88' lang='grc'>3,</span> <span class='ocrx_word' id='word_1_94' title='bbox 413 2320 451 2374; x_wconf 67' lang='grc'>85</span> 
     </span>
    </p>
   </div>
   <div class='ocr_carea' id='block_1_10' title="bbox 331 2433 949 2501">
    <p class='ocr_par' dir='ltr' id='par_1_12' title="bbox 331 2433 949 2501">
     <span class='ocr_line' id='line_1_19' title="bbox 331 2433 949 2501; baseline 0 -17"><span class='ocrx_word' id='word_1_95' title='bbox 331 2435 410 2501; x_wconf 94' lang='lat' dir='ltr'>quod</span> <span class='ocrx_word' id='word_1_96' title='bbox 424 2434 482 2486; x_wconf 90' lang='lat' dir='ltr'>nisi</span> <span class='ocrx_word' id='word_1_97' title='bbox 495 2434 647 2495; x_wconf 85' lang='lat' dir='ltr'>concedas,</span> <span class='ocrx_word' id='word_1_98' title='bbox 662 2434 787 2485; x_wconf 87' lang='lat' dir='ltr'>habeare</span> <span class='ocrx_word' id='word_1_99' title='bbox 800 2433 949 2485; x_wconf 87' lang='lat' dir='ltr'>insuavis:</span> 
     </span>
    </p>
   </div>
   <div class='ocr_carea' id='block_1_11' title="bbox 243 2552 997 2730">
    <p class='ocr_par' dir='ltr' id='par_1_13' title="bbox 243 2552 997 2730">
     <span class='ocr_line' id='line_1_20' title="bbox 306 2552 997 2630; baseline 0.001 -22"><span class='ocrx_word' id='word_1_100' title='bbox 306 2558 332 2610; x_wconf 86' lang='lat' dir='ltr'>l.</span> <span class='ocrx_word' id='word_1_101' title='bbox 375 2555 497 2612; x_wconf 81' lang='lat' dir='ltr'>Jussive</span> <span class='ocrx_word' id='word_1_102' title='bbox 513 2553 708 2630; x_wconf 75' lang='lat' dir='ltr'>subjunctive</span> <span class='ocrx_word' id='word_1_103' title='bbox 725 2552 754 2609; x_wconf 91' lang='lat' dir='ltr'>iu</span> <span class='ocrx_word' id='word_1_104' title='bbox 771 2553 819 2610; x_wconf 90' lang='lat' dir='ltr'>the</span> <span class='ocrx_word' id='word_1_105' title='bbox 835 2553 997 2627; x_wconf 85' lang='lat' dir='ltr'>Apodosis.</span> 
     </span>
     <span class='ocr_line' id='line_1_21' title="bbox 243 2653 735 2730; baseline 0 -21"><span class='ocrx_word' id='word_1_106' title='bbox 243 2655 282 2709; x_wconf 87' lang='lat' dir='ltr'>A.</span> <span class='ocrx_word' id='word_1_107' title='bbox 310 2654 441 2710; x_wconf 87' lang='lat' dir='ltr'>Protasis</span> <span class='ocrx_word' id='word_1_108' title='bbox 457 2655 629 2711; x_wconf 77' lang='lat' dir='ltr'>introduced</span> <span class='ocrx_word' id='word_1_109' title='bbox 647 2655 685 2730; x_wconf 87' lang='lat' dir='ltr'>by</span> <span class='ocrx_word' id='word_1_110' title='bbox 701 2653 735 2709; x_wconf 78' lang='lat' dir='ltr'>si.</span> 
     </span>
    </p>
   </div>
   <div class='ocr_carea' id='block_1_12' title="bbox 199 2754 789 2925">
    <p class='ocr_par' dir='ltr' id='par_1_14' title="bbox 199 2754 789 2925">
     <span class='ocr_line' id='line_1_22' title="bbox 304 2754 789 2828; baseline 0 -18"><span class='ocrx_word' id='word_1_111' title='bbox 304 2759 353 2826; x_wconf 85' lang='lat' dir='ltr'>a).</span> <span class='ocrx_word' id='word_1_112' title='bbox 399 2754 494 2813; x_wconf 81' lang='lat' dir='ltr'>Third</span> <span class='ocrx_word' id='word_1_113' title='bbox 510 2756 622 2813; x_wconf 85' lang='lat' dir='ltr'>Persou</span> <span class='ocrx_word' id='word_1_114' title='bbox 636 2754 789 2828; x_wconf 84' lang='lat' dir='ltr'>Singulur.</span> 
     </span>
     <span class='ocr_line' id='line_1_23' title="bbox 199 2853 502 2925; baseline 0.003 -14"><span class='ocrx_word' id='word_1_115' title='bbox 199 2853 298 2911; x_wconf 83' lang='lat' dir='ltr'>Serm.</span> <span class='ocrx_word' id='word_1_116' title='bbox 316 2854 344 2923; x_wconf 92' lang='grc' dir='ltr'>Ι,</span> <span class='ocrx_word' id='word_1_117' title='bbox 361 2858 391 2925; x_wconf 78' lang='lat' dir='ltr'>v,</span> <span class='ocrx_word' id='word_1_118' title='bbox 407 2856 502 2912; x_wconf 70' lang='lat' dir='ltr'>tlt-34</span> 
     </span>
    </p>
   </div>
   <div class='ocr_carea' id='block_1_13' title="bbox 333 2936 1149 3087">
    <p class='ocr_par' dir='ltr' id='par_1_15' title="bbox 333 2936 1149 3087">
     <span class='ocr_line' id='line_1_24' title="bbox 1001 2936 1139 2989; baseline 0.022 -3"><span class='ocrx_word' id='word_1_119' title='bbox 1001 2936 1032 2987; x_wconf 92' lang='lat' dir='ltr'>lo</span> <span class='ocrx_word' id='word_1_120' title='bbox 1054 2953 1139 2989; x_wconf 88' lang='lat' dir='ltr'>uaces</span> 
     </span>
     <span class='ocr_line' id='line_1_25' title="bbox 333 2955 1149 3087; baseline 0.001 -16"><span class='ocrx_word' id='word_1_121' title='bbox 333 3019 358 3071; x_wconf 90' lang='lat' dir='ltr'>ei</span> <span class='ocrx_word' id='word_1_122' title='bbox 370 3020 475 3086; x_wconf 86' lang='lat' dir='ltr'>sapiat,</span> <span class='ocrx_word' id='word_1_123' title='bbox 490 3020 564 3073; x_wconf 90' lang='lat' dir='ltr'>vitet</span> <span class='ocrx_word' id='word_1_124' title='bbox 576 3019 667 3071; x_wconf 90' lang='lat' dir='ltr'>simul</span> <span class='ocrx_word' id='word_1_125' title='bbox 679 3025 767 3087; x_wconf 90' lang='lat' dir='ltr'>atque</span> <span class='ocrx_word' id='word_1_126' title='bbox 779 3018 944 3071; x_wconf 85' lang='lat' dir='ltr'>adoleverit</span> <span class='ocrx_word' id='word_1_127' title='bbox 955 2955 1066 3072; x_wconf 49' lang='lat' dir='ltr'>aeusi’</span> <span class='ocrx_word' id='word_1_128' title='bbox 1079 3024 1085 3047; x_wconf 91' lang='lat'>’</span> <span class='ocrx_word' id='word_1_129' title='bbox 1143 2977 1149 2999; x_wconf 52' lang='lat'><em>,</em></span> 
     </span>
    </p>
   </div>
   <div class='ocr_carea' id='block_1_14' title="bbox 199 3155 1049 3306">
    <p class='ocr_par' dir='ltr' id='par_1_16' title="bbox 199 3155 1049 3306">
     <span class='ocr_line' id='line_1_26' title="bbox 199 3155 515 3226; baseline -0.003 -13"><span class='ocrx_word' id='word_1_130' title='bbox 199 3155 296 3213; x_wconf 85' lang='lat' dir='ltr'>Serru.</span> <span class='ocrx_word' id='word_1_131' title='bbox 312 3155 358 3225; x_wconf 95' lang='grc' dir='ltr'>ΙΙ,</span> <span class='ocrx_word' id='word_1_132' title='bbox 376 3158 405 3226; x_wconf 85' lang='grc'>5,</span> <span class='ocrx_word' id='word_1_133' title='bbox 421 3157 515 3213; x_wconf 77' lang='grc'>70·72</span> 
     </span>
     <span class='ocr_line' id='line_1_27' title="bbox 697 3253 1049 3306; baseline 0.003 -1"><span class='ocrx_word' id='word_1_134' title='bbox 697 3253 806 3305; x_wconf 90' lang='lat' dir='ltr'>mulier</span> <span class='ocrx_word' id='word_1_135' title='bbox 817 3253 843 3305; x_wconf 87' lang='lat' dir='ltr'>si</span> <span class='ocrx_word' id='word_1_136' title='bbox 856 3255 932 3305; x_wconf 84' lang='lat' dir='ltr'>torte</span> <span class='ocrx_word' id='word_1_137' title='bbox 945 3254 1049 3306; x_wconf 85' lang='lat' dir='ltr'>dolosa</span> 
     </span>
    </p>
   </div>
   <div class='ocr_carea' id='block_1_15' title="bbox 333 3337 1035 3484">
    <p class='ocr_par' dir='ltr' id='par_1_17' title="bbox 333 3337 1035 3484">
     <span class='ocr_line' id='line_1_28' title="bbox 333 3337 998 3404; baseline 0.002 -15"><span class='ocrx_word' id='word_1_138' title='bbox 333 3338 495 3391; x_wconf 83' lang='lat' dir='ltr'>libertusve</span> <span class='ocrx_word' id='word_1_139' title='bbox 509 3354 610 3390; x_wconf 90' lang='lat' dir='ltr'>senem</span> <span class='ocrx_word' id='word_1_140' title='bbox 622 3337 752 3390; x_wconf 86' lang='lat' dir='ltr'>delirum</span> <span class='ocrx_word' id='word_1_141' title='bbox 763 3343 919 3404; x_wconf 90' lang='lat' dir='ltr'>temperet,</span> <span class='ocrx_word' id='word_1_142' title='bbox 933 3338 998 3390; x_wconf 89' lang='lat' dir='ltr'>illis</span> 
     </span>
     <span class='ocr_line' id='line_1_29' title="bbox 333 3421 1035 3484; baseline 0.003 -11"><span class='ocrx_word' id='word_1_143' title='bbox 333 3422 453 3473; x_wconf 86' lang='lat' dir='ltr'>accedas</span> <span class='ocrx_word' id='word_1_144' title='bbox 466 3422 564 3474; x_wconf 90' lang='lat' dir='ltr'>socius</span> <span class='ocrx_word' id='word_1_145' title='bbox 575 3437 581 3484; x_wconf 87' lang='lat'>;</span> <span class='ocrx_word' id='word_1_146' title='bbox 601 3422 715 3483; x_wconf 88' lang='lat' dir='ltr'>laudes,</span> <span class='ocrx_word' id='word_1_147' title='bbox 729 3421 860 3472; x_wconf 87' lang='lat' dir='ltr'>lauderis</span> <span class='ocrx_word' id='word_1_148' title='bbox 873 3428 907 3473; x_wconf 90' lang='lat' dir='ltr'>ut</span> <span class='ocrx_word' id='word_1_149' title='bbox 919 3422 1035 3475; x_wconf 84' lang='lat' dir='ltr'>absens.</span> 
     </span>
    </p>
   </div>
   <div class='ocr_carea' id='block_1_16' title="bbox 198 3558 501 3633">
    <p class='ocr_par' dir='ltr' id='par_1_18' title="bbox 198 3558 501 3633">
     <span class='ocr_line' id='line_1_30' title="bbox 198 3558 501 3633; baseline -0.003 -18"><span class='ocrx_word' id='word_1_150' title='bbox 198 3558 298 3633; x_wconf 84' lang='lat' dir='ltr'>Epist.</span> <span class='ocrx_word' id='word_1_151' title='bbox 312 3558 340 3629; x_wconf 89' lang='lat'>1,</span> <span class='ocrx_word' id='word_1_152' title='bbox 359 3559 389 3628; x_wconf 82' lang='lat' dir='ltr'>e,</span> <span class='ocrx_word' id='word_1_153' title='bbox 409 3559 501 3615; x_wconf 70' lang='lat' dir='ltr'>rere</span> 
     </span>
    </p>
   </div>
   <div class='ocr_carea' id='block_1_17' title="bbox 333 3672 1064 3826">
    <p class='ocr_par' dir='ltr' id='par_1_19' title="bbox 333 3672 1064 3826">
     <span class='ocr_line' id='line_1_31' title="bbox 334 3672 1030 3741; baseline -0.003 -16"><span class='ocrx_word' id='word_1_154' title='bbox 334 3675 436 3726; x_wconf 81' lang='lat' dir='ltr'>Insani</span> <span class='ocrx_word' id='word_1_155' title='bbox 448 3674 567 3740; x_wconf 86' lang='lat' dir='ltr'>sapiens</span> <span class='ocrx_word' id='word_1_156' title='bbox 578 3689 687 3725; x_wconf 91' lang='lat' dir='ltr'>nomen</span> <span class='ocrx_word' id='word_1_157' title='bbox 701 3675 785 3734; x_wconf 84' lang='lat' dir='ltr'>ferat,</span> <span class='ocrx_word' id='word_1_158' title='bbox 799 3689 911 3741; x_wconf 84' lang='lat' dir='ltr'>aequus</span> <span class='ocrx_word' id='word_1_159' title='bbox 923 3672 1030 3740; x_wconf 89' lang='lat' dir='ltr'>iniqui,</span> 
     </span>
     <span class='ocr_line' id='line_1_32' title="bbox 333 3755 1064 3826; baseline 0 -18"><span class='ocrx_word' id='word_1_160' title='bbox 333 3760 413 3810; x_wconf 91' lang='lat' dir='ltr'>ultra</span> <span class='ocrx_word' id='word_1_161' title='bbox 425 3773 513 3826; x_wconf 91' lang='lat' dir='ltr'>quam</span> <span class='ocrx_word' id='word_1_162' title='bbox 526 3757 598 3809; x_wconf 88' lang='lat' dir='ltr'>eatis</span> <span class='ocrx_word' id='word_1_163' title='bbox 610 3763 656 3808; x_wconf 90' lang='lat' dir='ltr'>est</span> <span class='ocrx_word' id='word_1_164' title='bbox 667 3756 809 3809; x_wconf 90' lang='lat' dir='ltr'>virtutem</span> <span class='ocrx_word' id='word_1_165' title='bbox 821 3756 847 3807; x_wconf 90' lang='lat' dir='ltr'>ei</span> <span class='ocrx_word' id='word_1_166' title='bbox 859 3761 941 3822; x_wconf 86' lang='lat' dir='ltr'>petet</span> <span class='ocrx_word' id='word_1_167' title='bbox 957 3755 1064 3822; x_wconf 85' lang='lat' dir='ltr'>ipsam.</span> 
     </span>
    </p>
   </div>
   <div class='ocr_carea' id='block_1_18' title="bbox 199 3891 1066 4299">
    <p class='ocr_par' dir='ltr' id='par_1_20' title="bbox 199 3891 1066 4299">
     <span class='ocr_line' id='line_1_33' title="bbox 305 3891 1066 3968; baseline -0.003 -18"><span class='ocrx_word' id='word_1_168' title='bbox 305 3894 334 3950; x_wconf 64' lang='grc' dir='ltr'>ἱ).</span> <span class='ocrx_word' id='word_1_169' title='bbox 377 3893 561 3952; x_wconf 86' lang='lat' dir='ltr'>Prohibitive</span> <span class='ocrx_word' id='word_1_170' title='bbox 578 3891 772 3968; x_wconf 87' lang='lat' dir='ltr'>Subjunctive</span> <span class='ocrx_word' id='word_1_171' title='bbox 788 3891 817 3947; x_wconf 90' lang='lat' dir='ltr'>iu</span> <span class='ocrx_word' id='word_1_172' title='bbox 834 3891 883 3948; x_wconf 85' lang='lat' dir='ltr'>the</span> <span class='ocrx_word' id='word_1_173' title='bbox 905 3892 1066 3965; x_wconf 84' lang='lat' dir='ltr'>Apodosis.</span> 
     </span>
     <span class='ocr_line' id='line_1_34' title="bbox 242 3991 743 4069; baseline -0.012 -16"><span class='ocrx_word' id='word_1_174' title='bbox 242 3997 282 4053; x_wconf 85' lang='grc' dir='ltr'>Α.</span> <span class='ocrx_word' id='word_1_175' title='bbox 307 3994 441 4052; x_wconf 82' lang='lat' dir='ltr'>Protesis</span> <span class='ocrx_word' id='word_1_176' title='bbox 457 3993 630 4051; x_wconf 79' lang='lat' dir='ltr'>introduced</span> <span class='ocrx_word' id='word_1_177' title='bbox 646 3994 684 4069; x_wconf 89' lang='lat' dir='ltr'>by</span> <span class='ocrx_word' id='word_1_178' title='bbox 699 3991 743 4048; x_wconf 66' lang='lat' dir='ltr'>sd</span> 
     </span>
     <span class='ocr_line' id='line_1_35' title="bbox 305 4091 788 4168; baseline -0.008 -16"><span class='ocrx_word' id='word_1_179' title='bbox 305 4098 354 4168; x_wconf 84' lang='lat' dir='ltr'>a).</span> <span class='ocrx_word' id='word_1_180' title='bbox 397 4094 491 4152; x_wconf 87' lang='lat' dir='ltr'>Third</span> <span class='ocrx_word' id='word_1_181' title='bbox 507 4095 619 4152; x_wconf 87' lang='lat' dir='ltr'>Person</span> <span class='ocrx_word' id='word_1_182' title='bbox 636 4091 788 4164; x_wconf 85' lang='lat' dir='ltr'>Sirrgular.</span> 
     </span>
     <span class='ocr_line' id='line_1_36' title="bbox 199 4229 522 4299; baseline -0.015 -9"><span class='ocrx_word' id='word_1_183' title='bbox 199 4232 298 4291; x_wconf 86' lang='lat' dir='ltr'>Serm.</span> <span class='ocrx_word' id='word_1_184' title='bbox 316 4230 362 4299; x_wconf 89' lang='grc' dir='ltr'>ΙΙ,</span> <span class='ocrx_word' id='word_1_185' title='bbox 380 4230 411 4298; x_wconf 85' lang='grc'>5,</span> <span class='ocrx_word' id='word_1_186' title='bbox 430 4229 522 4285; x_wconf 84' lang='grc'><strong>16·17</strong></span> 
     </span>
    </p>
   </div>
   <div class='ocr_carea' id='block_1_19' title="bbox 335 4308 1044 4459">
    <p class='ocr_par' dir='ltr' id='par_1_21' title="bbox 335 4308 1044 4459">
     <span class='ocr_line' id='line_1_37' title="bbox 834 4308 1044 4359; baseline -0.005 0"><span class='ocrx_word' id='word_1_187' title='bbox 834 4324 870 4359; x_wconf 90' lang='lat' dir='ltr'>ne</span> <span class='ocrx_word' id='word_1_188' title='bbox 882 4313 982 4359; x_wconf 85' lang='lat' dir='ltr'>tamen</span> <span class='ocrx_word' id='word_1_189' title='bbox 996 4308 1044 4359; x_wconf 93' lang='lat' dir='ltr'>illi</span> 
     </span>
     <span class='ocr_line' id='line_1_38' title="bbox 335 4383 1036 4459; baseline -0.007 -13"><span class='ocrx_word' id='word_1_190' title='bbox 335 4401 369 4447; x_wconf 92' lang='lat' dir='ltr'>tu</span> <span class='ocrx_word' id='word_1_191' title='bbox 382 4410 480 4446; x_wconf 89' lang='lat' dir='ltr'>comes</span> <span class='ocrx_word' id='word_1_192' title='bbox 492 4392 632 4454; x_wconf 85' lang='lat' dir='ltr'>exterior,</span> <span class='ocrx_word' id='word_1_193' title='bbox 647 4391 672 4444; x_wconf 90' lang='lat' dir='ltr'>si</span> <span class='ocrx_word' id='word_1_194' title='bbox 684 4393 827 4459; x_wconf 85' lang='lat' dir='ltr'>postulet,</span> <span class='ocrx_word' id='word_1_195' title='bbox 841 4391 884 4443; x_wconf 88' lang='lat' dir='ltr'>ire</span> <span class='ocrx_word' id='word_1_196' title='bbox 898 4383 1036 4442; x_wconf 63' lang='lat' dir='ltr'>recuses)</span> 
     </span>
    </p>
   </div>
   <div class='ocr_carea' id='block_1_20' title="bbox 0 0 1602 5250">
    <p class='ocr_par' dir='ltr' id='par_1_22' title="bbox 0 0 1602 5250">
     <span class='ocr_line' id='line_1_39' title="bbox 0 0 1602 5250; baseline 0 0"><span class='ocrx_word' id='word_1_197' title='bbox 0 0 1602 5250; x_wconf 95' lang='lat' dir='ltr'> </span> 
     </span>
    </p>
   </div>
  </div>
 </body>
</html>
