<?xml version="1.0" encoding="UTF-8"?>
<!DOCTYPE html PUBLIC "-//W3C//DTD XHTML 1.0 Transitional//EN"
    "http://www.w3.org/TR/xhtml1/DTD/xhtml1-transitional.dtd">
<html xmlns="http://www.w3.org/1999/xhtml" xml:lang="en" lang="en">
 <head>
  <title>
</title>
<meta http-equiv="Content-Type" content="text/html;charset=utf-8" />
  <meta name='ocr-system' content='tesseract 3.04.00' />
  <meta name='ocr-capabilities' content='ocr_page ocr_carea ocr_par ocr_line ocrx_word'/>
</head>
<body>
  <div class='ocr_page' id='page_1' title='image "./conditionalperi00eldegoog_0068.png"; bbox 0 0 3194 5250; ppageno 0'>
   <div class='ocr_carea' id='block_1_1' title="bbox 200 560 499 632">
    <p class='ocr_par' dir='ltr' id='par_1_1' title="bbox 200 560 499 632">
     <span class='ocr_line' id='line_1_1' title="bbox 200 560 499 632; baseline -0.007 -11"><span class='ocrx_word' id='word_1_1' title='bbox 200 560 296 621; x_wconf 84' lang='lat' dir='ltr'><strong>Serm.</strong></span> <span class='ocrx_word' id='word_1_2' title='bbox 315 563 343 632; x_wconf 89' lang='lat' dir='ltr'><strong>I,</strong></span> <span class='ocrx_word' id='word_1_3' title='bbox 359 563 389 630; x_wconf 88' lang='lat'><strong>6,</strong></span> <span class='ocrx_word' id='word_1_4' title='bbox 405 563 499 619; x_wconf 81' lang='lat'><strong>85-87</strong></span> 
     </span>
    </p>
   </div>
   <div class='ocr_carea' id='block_1_2' title="bbox 330 693 1032 930">
    <p class='ocr_par' dir='ltr' id='par_1_2' title="bbox 330 693 1032 930">
     <span class='ocr_line' id='line_1_2' title="bbox 330 693 1032 763; baseline 0.003 -17"><span class='ocrx_word' id='word_1_5' title='bbox 330 710 386 746; x_wconf 89' lang='lat' dir='ltr'><strong>nec</strong></span> <span class='ocrx_word' id='word_1_6' title='bbox 397 693 508 755; x_wconf 83' lang='lat' dir='ltr'><strong>timuit,</strong></span> <span class='ocrx_word' id='word_1_7' title='bbox 522 693 579 747; x_wconf 86' lang='lat' dir='ltr'>sibi</span> <span class='ocrx_word' id='word_1_8' title='bbox 591 710 628 746; x_wconf 89' lang='lat' dir='ltr'><strong>ne</strong></span> <span class='ocrx_word' id='word_1_9' title='bbox 639 694 713 748; x_wconf 85' lang='lat' dir='ltr'><strong>vitio</strong></span> <span class='ocrx_word' id='word_1_10' title='bbox 725 695 791 763; x_wconf 89' lang='lat' dir='ltr'><strong>quis</strong></span> <span class='ocrx_word' id='word_1_11' title='bbox 804 702 943 759; x_wconf 84' lang='lat' dir='ltr'><strong>verteret,</strong></span> <span class='ocrx_word' id='word_1_12' title='bbox 957 696 1032 748; x_wconf 92' lang='lat' dir='ltr'><strong>olim</strong></span> 
     </span>
     <span class='ocr_line' id='line_1_3' title="bbox 331 778 1001 846; baseline 0.004 -17"><span class='ocrx_word' id='word_1_13' title='bbox 331 778 357 829; x_wconf 88' lang='lat' dir='ltr'><strong>si</strong></span> <span class='ocrx_word' id='word_1_14' title='bbox 369 793 475 844; x_wconf 88' lang='lat' dir='ltr'><strong>praeco</strong></span> <span class='ocrx_word' id='word_1_15' title='bbox 487 793 592 845; x_wconf 85' lang='lat' dir='ltr'><strong>parvas</strong></span> <span class='ocrx_word' id='word_1_16' title='bbox 603 785 665 840; x_wconf 93' lang='lat' dir='ltr'><strong>aut,</strong></span> <span class='ocrx_word' id='word_1_17' title='bbox 679 785 713 831; x_wconf 89' lang='lat' dir='ltr'><strong>ut</strong></span> <span class='ocrx_word' id='word_1_18' title='bbox 725 778 784 830; x_wconf 80' lang='lat' dir='ltr'><strong>fuit</strong></span> <span class='ocrx_word' id='word_1_19' title='bbox 794 778 868 846; x_wconf 89' lang='lat' dir='ltr'><strong>ipse,</strong></span> <span class='ocrx_word' id='word_1_20' title='bbox 883 786 1001 832; x_wconf 89' lang='lat' dir='ltr'><strong>coactor</strong></span> 
     </span>
     <span class='ocr_line' id='line_1_4' title="bbox 332 861 647 930; baseline 0 -17"><span class='ocrx_word' id='word_1_21' title='bbox 332 861 482 914; x_wconf 84' lang='lat' dir='ltr'>mercedes</span> <span class='ocrx_word' id='word_1_22' title='bbox 494 876 647 930; x_wconf 86' lang='lat' dir='ltr'><strong>sequerer:</strong></span> 
     </span>
    </p>
   </div>
   <div class='ocr_carea' id='block_1_3' title="bbox 199 1013 505 1089">
    <p class='ocr_par' dir='ltr' id='par_1_3' title="bbox 199 1013 505 1089">
     <span class='ocr_line' id='line_1_5' title="bbox 199 1013 505 1089; baseline 0.003 -18"><span class='ocrx_word' id='word_1_23' title='bbox 199 1013 297 1089; x_wconf 77' lang='lat' dir='ltr'><strong>Epist.</strong></span> <span class='ocrx_word' id='word_1_24' title='bbox 315 1015 343 1084; x_wconf 91' lang='lat'><strong>1,</strong></span> <span class='ocrx_word' id='word_1_25' title='bbox 361 1015 391 1082; x_wconf 87' lang='lat'><strong>3,</strong></span> <span class='ocrx_word' id='word_1_26' title='bbox 411 1015 505 1072; x_wconf 78' lang='lat'>15-20</span> 
     </span>
    </p>
   </div>
   <div class='ocr_carea' id='block_1_4' title="bbox 331 1147 1185 1702">
    <p class='ocr_par' dir='ltr' id='par_1_4' title="bbox 333 1147 1185 1293">
     <span class='ocr_line' id='line_1_6' title="bbox 333 1147 1185 1218; baseline 0.006 -20"><span class='ocrx_word' id='word_1_27' title='bbox 333 1147 412 1212; x_wconf 81' lang='lat' dir='ltr'><strong>Quid</strong></span> <span class='ocrx_word' id='word_1_28' title='bbox 424 1147 499 1199; x_wconf 90' lang='lat' dir='ltr'><strong>mihi</strong></span> <span class='ocrx_word' id='word_1_29' title='bbox 512 1149 616 1200; x_wconf 87' lang='lat' dir='ltr'><strong>Celsus</strong></span> <span class='ocrx_word' id='word_1_30' title='bbox 627 1147 700 1214; x_wconf 86' lang='lat' dir='ltr'><strong>agit,</strong></span> <span class='ocrx_word' id='word_1_31' title='bbox 714 1148 846 1200; x_wconf 90' lang='lat' dir='ltr'><strong>monitus</strong></span> <span class='ocrx_word' id='word_1_32' title='bbox 859 1150 1047 1218; x_wconf 88' lang='lat' dir='ltr'><strong>multumque</strong></span> <span class='ocrx_word' id='word_1_33' title='bbox 1061 1167 1185 1203; x_wconf 89' lang='lat' dir='ltr'><strong>monen-</strong></span> 
     </span>
     <span class='ocr_line' id='line_1_7' title="bbox 432 1231 497 1293; baseline 0 -11"><span class='ocrx_word' id='word_1_34' title='bbox 432 1231 497 1293; x_wconf 89' lang='lat' dir='ltr'><strong>dus,</strong></span> 
     </span>
    </p>

    <p class='ocr_par' dir='ltr' id='par_1_5' title="bbox 331 1314 990 1382">
     <span class='ocr_line' id='line_1_8' title="bbox 331 1314 990 1382; baseline 0.005 -16"><span class='ocrx_word' id='word_1_35' title='bbox 331 1314 462 1382; x_wconf 87' lang='lat' dir='ltr'><strong>privatas</strong></span> <span class='ocrx_word' id='word_1_36' title='bbox 474 1320 508 1365; x_wconf 94' lang='lat' dir='ltr'><strong>ut</strong></span> <span class='ocrx_word' id='word_1_37' title='bbox 519 1320 641 1381; x_wconf 88' lang='lat' dir='ltr'><strong>quaerat</strong></span> <span class='ocrx_word' id='word_1_38' title='bbox 652 1329 725 1381; x_wconf 87' lang='lat' dir='ltr'><strong>opes</strong></span> <span class='ocrx_word' id='word_1_39' title='bbox 737 1328 767 1367; x_wconf 87' lang='lat' dir='ltr'><strong>et</strong></span> <span class='ocrx_word' id='word_1_40' title='bbox 778 1321 902 1381; x_wconf 79' lang='lat' dir='ltr'><strong>tangere</strong></span> <span class='ocrx_word' id='word_1_41' title='bbox 914 1317 990 1370; x_wconf 88' lang='lat' dir='ltr'><strong>vitet</strong></span> 
     </span>
    </p>

    <p class='ocr_par' dir='ltr' id='par_1_6' title="bbox 331 1397 1081 1469">
     <span class='ocr_line' id='line_1_9' title="bbox 331 1397 1081 1469; baseline 0.004 -19"><span class='ocrx_word' id='word_1_42' title='bbox 331 1397 441 1465; x_wconf 85' lang='lat' dir='ltr'><strong>scripta</strong></span> <span class='ocrx_word' id='word_1_43' title='bbox 454 1397 607 1450; x_wconf 87' lang='lat' dir='ltr'><strong>Palatinus</strong></span> <span class='ocrx_word' id='word_1_44' title='bbox 620 1414 823 1466; x_wconf 91' lang='lat' dir='ltr'><strong>quaecumque</strong></span> <span class='ocrx_word' id='word_1_45' title='bbox 835 1400 950 1466; x_wconf 88' lang='lat' dir='ltr'><strong>recepit</strong></span> <span class='ocrx_word' id='word_1_46' title='bbox 961 1402 1081 1469; x_wconf 84' lang='lat' dir='ltr'>Apollo,</span> 
     </span>
    </p>

    <p class='ocr_par' dir='ltr' id='par_1_7' title="bbox 332 1481 972 1548">
     <span class='ocr_line' id='line_1_10' title="bbox 332 1481 972 1548; baseline 0.003 -15"><span class='ocrx_word' id='word_1_47' title='bbox 332 1497 379 1543; x_wconf 91' lang='lat' dir='ltr'><strong>ne,</strong></span> <span class='ocrx_word' id='word_1_48' title='bbox 393 1481 419 1534; x_wconf 93' lang='lat' dir='ltr'><strong>si</strong></span> <span class='ocrx_word' id='word_1_49' title='bbox 429 1483 505 1533; x_wconf 82' lang='lat' dir='ltr'><strong>forte</strong></span> <span class='ocrx_word' id='word_1_50' title='bbox 517 1497 585 1533; x_wconf 89' lang='lat' dir='ltr'><strong>suas</strong></span> <span class='ocrx_word' id='word_1_51' title='bbox 598 1481 760 1548; x_wconf 86' lang='lat' dir='ltr'><strong>repetitum</strong></span> <span class='ocrx_word' id='word_1_52' title='bbox 772 1483 888 1535; x_wconf 90' lang='lat' dir='ltr'><strong>venerit</strong></span> <span class='ocrx_word' id='word_1_53' title='bbox 899 1484 972 1536; x_wconf 90' lang='lat' dir='ltr'><strong>olim</strong></span> 
     </span>
    </p>

    <p class='ocr_par' dir='ltr' id='par_1_8' title="bbox 331 1565 1066 1632">
     <span class='ocr_line' id='line_1_11' title="bbox 331 1565 1066 1632; baseline 0.005 -16"><span class='ocrx_word' id='word_1_54' title='bbox 331 1581 404 1632; x_wconf 86' lang='lat' dir='ltr'>grex</span> <span class='ocrx_word' id='word_1_55' title='bbox 416 1565 517 1619; x_wconf 91' lang='lat' dir='ltr'><strong>avium</strong></span> <span class='ocrx_word' id='word_1_56' title='bbox 529 1566 658 1631; x_wconf 88' lang='lat' dir='ltr'><strong>plumas,</strong></span> <span class='ocrx_word' id='word_1_57' title='bbox 672 1572 790 1618; x_wconf 87' lang='lat' dir='ltr'><strong>moveat</strong></span> <span class='ocrx_word' id='word_1_58' title='bbox 801 1567 955 1620; x_wconf 90' lang='lat' dir='ltr'><strong>cornicula</strong></span> <span class='ocrx_word' id='word_1_59' title='bbox 970 1567 1066 1620; x_wconf 87' lang='lat' dir='ltr'><strong>risum</strong></span> 
     </span>
    </p>

    <p class='ocr_par' dir='ltr' id='par_1_9' title="bbox 333 1648 757 1702">
     <span class='ocr_line' id='line_1_12' title="bbox 333 1648 757 1702; baseline 0.002 -1"><span class='ocrx_word' id='word_1_60' title='bbox 333 1649 452 1702; x_wconf 83' lang='lat' dir='ltr'><strong>furtivis</strong></span> <span class='ocrx_word' id='word_1_61' title='bbox 465 1648 575 1701; x_wconf 87' lang='lat' dir='ltr'><strong>nudata</strong></span> <span class='ocrx_word' id='word_1_62' title='bbox 588 1649 757 1702; x_wconf 85' lang='lat' dir='ltr'><strong>coloribus?</strong></span> 
     </span>
    </p>
   </div>
   <div class='ocr_carea' id='block_1_5' title="bbox 200 1785 527 1860">
    <p class='ocr_par' dir='ltr' id='par_1_10' title="bbox 200 1785 527 1860">
     <span class='ocr_line' id='line_1_13' title="bbox 200 1785 527 1860; baseline 0 -18"><span class='ocrx_word' id='word_1_63' title='bbox 200 1785 296 1860; x_wconf 69' lang='lat' dir='ltr'><strong>upra.</strong></span> <span class='ocrx_word' id='word_1_64' title='bbox 316 1785 344 1854; x_wconf 83' lang='lat'><strong>1,</strong></span> <span class='ocrx_word' id='word_1_65' title='bbox 363 1786 413 1855; x_wconf 83' lang='lat'><strong>16,</strong></span> <span class='ocrx_word' id='word_1_66' title='bbox 434 1785 527 1842; x_wconf 76' lang='lat'>19-23</span> 
     </span>
    </p>
   </div>
   <div class='ocr_carea' id='block_1_6' title="bbox 328 1917 1132 2315">
    <p class='ocr_par' dir='ltr' id='par_1_11' title="bbox 328 1917 1132 2315">
     <span class='ocr_line' id='line_1_14' title="bbox 330 1917 1079 1986; baseline 0.005 -18"><span class='ocrx_word' id='word_1_67' title='bbox 330 1917 383 1969; x_wconf 91' lang='lat' dir='ltr'><strong>sed</strong></span> <span class='ocrx_word' id='word_1_68' title='bbox 395 1933 508 1979; x_wconf 87' lang='lat' dir='ltr'><strong>vereor,</strong></span> <span class='ocrx_word' id='word_1_69' title='bbox 523 1917 610 1968; x_wconf 90' lang='lat' dir='ltr'><strong>necui</strong></span> <span class='ocrx_word' id='word_1_70' title='bbox 622 1918 701 1970; x_wconf 86' lang='lat' dir='ltr'><strong>dete</strong></span> <span class='ocrx_word' id='word_1_71' title='bbox 713 1919 783 1986; x_wconf 91' lang='lat' dir='ltr'><strong>plus</strong></span> <span class='ocrx_word' id='word_1_72' title='bbox 795 1935 884 1986; x_wconf 89' lang='lat' dir='ltr'><strong>quam</strong></span> <span class='ocrx_word' id='word_1_73' title='bbox 896 1919 953 1971; x_wconf 92' lang='lat' dir='ltr'><strong>tibi</strong></span> <span class='ocrx_word' id='word_1_74' title='bbox 965 1921 1079 1982; x_wconf 90' lang='lat' dir='ltr'><strong>credas,</strong></span> 
     </span>
     <span class='ocr_line' id='line_1_15' title="bbox 332 2001 1053 2071; baseline 0.006 -19"><span class='ocrx_word' id='word_1_75' title='bbox 332 2017 407 2055; x_wconf 90' lang='lat' dir='ltr'><strong>neve</strong></span> <span class='ocrx_word' id='word_1_76' title='bbox 419 2006 507 2067; x_wconf 88' lang='lat' dir='ltr'><strong>putes</strong></span> <span class='ocrx_word' id='word_1_77' title='bbox 518 2001 613 2053; x_wconf 90' lang='lat' dir='ltr'><strong>alium</strong></span> <span class='ocrx_word' id='word_1_78' title='bbox 625 2001 760 2068; x_wconf 86' lang='lat' dir='ltr'><strong>sapiente</strong></span> <span class='ocrx_word' id='word_1_79' title='bbox 772 2003 909 2071; x_wconf 91' lang='lat' dir='ltr'><strong>bonoque</strong></span> <span class='ocrx_word' id='word_1_80' title='bbox 921 2003 1053 2066; x_wconf 88' lang='lat' dir='ltr'><strong>beatum,</strong></span> 
     </span>
     <span class='ocr_line' id='line_1_16' title="bbox 331 2085 1054 2154; baseline 0.004 -18"><span class='ocrx_word' id='word_1_81' title='bbox 331 2101 399 2145; x_wconf 86' lang='lat' dir='ltr'><strong>neu,</strong></span> <span class='ocrx_word' id='word_1_82' title='bbox 414 2085 481 2137; x_wconf 89' lang='lat' dir='ltr'><strong>site</strong></span> <span class='ocrx_word' id='word_1_83' title='bbox 493 2086 624 2152; x_wconf 88' lang='lat' dir='ltr'><strong>populns</strong></span> <span class='ocrx_word' id='word_1_84' title='bbox 637 2101 742 2137; x_wconf 89' lang='lat' dir='ltr'><strong>sanum</strong></span> <span class='ocrx_word' id='word_1_85' title='bbox 753 2093 889 2154; x_wconf 89' lang='lat' dir='ltr'><strong>recteque</strong></span> <span class='ocrx_word' id='word_1_86' title='bbox 902 2088 1054 2140; x_wconf 87' lang='lat' dir='ltr'><strong>valentem</strong></span> 
     </span>
     <span class='ocr_line' id='line_1_17' title="bbox 332 2168 1067 2238; baseline 0.003 -17"><span class='ocrx_word' id='word_1_87' title='bbox 332 2168 458 2230; x_wconf 86' lang='lat' dir='ltr'><strong>dictitet,</strong></span> <span class='ocrx_word' id='word_1_88' title='bbox 472 2169 620 2221; x_wconf 81' lang='lat' dir='ltr'><strong>occultam</strong></span> <span class='ocrx_word' id='word_1_89' title='bbox 633 2169 745 2221; x_wconf 83' lang='lat' dir='ltr'><strong>febrem</strong></span> <span class='ocrx_word' id='word_1_90' title='bbox 757 2170 812 2221; x_wconf 90' lang='lat' dir='ltr'><strong>sub</strong></span> <span class='ocrx_word' id='word_1_91' title='bbox 824 2176 943 2238; x_wconf 90' lang='lat' dir='ltr'><strong>tempus</strong></span> <span class='ocrx_word' id='word_1_92' title='bbox 956 2171 1067 2224; x_wconf 90' lang='lat' dir='ltr'><strong>edendi</strong></span> 
     </span>
     <span class='ocr_line' id='line_1_18' title="bbox 328 2252 1132 2315; baseline 0.006 -11"><span class='ocrx_word' id='word_1_93' title='bbox 328 2252 510 2315; x_wconf 80' lang='lat' dir='ltr'><strong>dissimules,</strong></span> <span class='ocrx_word' id='word_1_94' title='bbox 521 2253 616 2304; x_wconf 90' lang='lat' dir='ltr'><strong>donec</strong></span> <span class='ocrx_word' id='word_1_95' title='bbox 627 2252 764 2306; x_wconf 90' lang='lat' dir='ltr'><strong>manibus</strong></span> <span class='ocrx_word' id='word_1_96' title='bbox 775 2258 888 2306; x_wconf 88' lang='lat' dir='ltr'><strong>tremor</strong></span> <span class='ocrx_word' id='word_1_97' title='bbox 898 2255 1012 2308; x_wconf 88' lang='lat' dir='ltr'><strong>incidat</strong></span> <span class='ocrx_word' id='word_1_98' title='bbox 1023 2256 1132 2309; x_wconf 88' lang='lat' dir='ltr'><strong>unctis.</strong></span> 
     </span>
    </p>
   </div>
   <div class='ocr_carea' id='block_1_7' title="bbox 303 2370 1040 2448">
    <p class='ocr_par' dir='ltr' id='par_1_12' title="bbox 303 2370 1040 2448">
     <span class='ocr_line' id='line_1_19' title="bbox 303 2370 1040 2448; baseline 0.001 -18"><span class='ocrx_word' id='word_1_99' title='bbox 303 2373 333 2430; x_wconf 88' lang='lat'><strong>3.</strong></span> <span class='ocrx_word' id='word_1_100' title='bbox 380 2370 575 2448; x_wconf 84' lang='lat' dir='ltr'><strong>Subjunctive</strong></span> <span class='ocrx_word' id='word_1_101' title='bbox 590 2371 620 2429; x_wconf 88' lang='lat' dir='ltr'><strong>in</strong></span> <span class='ocrx_word' id='word_1_102' title='bbox 636 2391 653 2429; x_wconf 90' lang='lat' dir='ltr'><strong>a</strong></span> <span class='ocrx_word' id='word_1_103' title='bbox 670 2372 806 2430; x_wconf 79' lang='lat' dir='ltr'><strong>Relative</strong></span> <span class='ocrx_word' id='word_1_104' title='bbox 822 2373 911 2431; x_wconf 74' lang='lat' dir='ltr'><strong>ninal</strong></span> <span class='ocrx_word' id='word_1_105' title='bbox 926 2374 1040 2432; x_wconf 84' lang='lat' dir='ltr'><strong>clausa.</strong></span> 
     </span>
    </p>
   </div>
   <div class='ocr_carea' id='block_1_8' title="bbox 136 2470 362 2530">
    <p class='ocr_par' dir='ltr' id='par_1_13' title="bbox 136 2470 362 2530">
     <span class='ocr_line' id='line_1_20' title="bbox 136 2470 362 2530; baseline -0.004 0"><span class='ocrx_word' id='word_1_106' title='bbox 136 2508 138 2512; x_wconf 94' lang='lat'>-</span> <span class='ocrx_word' id='word_1_107' title='bbox 245 2474 285 2530; x_wconf 89' lang='grc' dir='ltr'><strong>Α.</strong></span> <span class='ocrx_word' id='word_1_108' title='bbox 314 2470 362 2530; x_wconf 83' lang='lat' dir='ltr'><strong>Si.</strong></span> 
     </span>
    </p>
   </div>
   <div class='ocr_carea' id='block_1_9' title="bbox 201 2606 519 2674">
    <p class='ocr_par' dir='ltr' id='par_1_14' title="bbox 201 2606 519 2674">
     <span class='ocr_line' id='line_1_21' title="bbox 201 2606 519 2674; baseline -0.003 -9"><span class='ocrx_word' id='word_1_109' title='bbox 201 2606 297 2665; x_wconf 81' lang='lat' dir='ltr'><strong>Serm.</strong></span> <span class='ocrx_word' id='word_1_110' title='bbox 312 2607 358 2671; x_wconf 88' lang='lat' dir='ltr'><strong>II,</strong></span> <span class='ocrx_word' id='word_1_111' title='bbox 375 2608 405 2674; x_wconf 89' lang='lat'><strong>8,</strong></span> <span class='ocrx_word' id='word_1_112' title='bbox 424 2607 519 2664; x_wconf 75' lang='lat'>&#39;25-26</span> 
     </span>
    </p>
   </div>
   <div class='ocr_carea' id='block_1_10' title="bbox 332 2686 1074 2873">
    <p class='ocr_par' dir='ltr' id='par_1_15' title="bbox 332 2686 1074 2873">
     <span class='ocr_line' id='line_1_22' title="bbox 332 2686 1074 2792; baseline 0.007 -19"><span class='ocrx_word' id='word_1_113' title='bbox 332 2725 536 2774; x_wconf 82' lang='lat' dir='ltr'><strong>Nomentanus</strong></span> <span class='ocrx_word' id='word_1_114' title='bbox 548 2723 586 2774; x_wconf 90' lang='lat' dir='ltr'><strong>ad</strong></span> <span class='ocrx_word' id='word_1_115' title='bbox 598 2686 665 2784; x_wconf 85' lang='lat' dir='ltr'><strong>lroc,</strong></span> <span class='ocrx_word' id='word_1_116' title='bbox 679 2723 739 2792; x_wconf 92' lang='lat' dir='ltr'><strong>qui,</strong></span> <span class='ocrx_word' id='word_1_117' title='bbox 753 2723 854 2792; x_wconf 89' lang='lat' dir='ltr'><strong>siquid</strong></span> <span class='ocrx_word' id='word_1_118' title='bbox 866 2725 942 2777; x_wconf 81' lang='lat' dir='ltr'><strong>forte</strong></span> <span class='ocrx_word' id='word_1_119' title='bbox 955 2726 1074 2788; x_wconf 87' lang='lat' dir='ltr'><strong>lateret,</strong></span> 
     </span>
     <span class='ocr_line' id='line_1_23' title="bbox 333 2804 749 2873; baseline 0.005 -17"><span class='ocrx_word' id='word_1_120' title='bbox 333 2804 432 2857; x_wconf 89' lang='lat' dir='ltr'><strong>indice</strong></span> <span class='ocrx_word' id='word_1_121' title='bbox 445 2812 624 2858; x_wconf 89' lang='lat' dir='ltr'><strong>monstraret</strong></span> <span class='ocrx_word' id='word_1_122' title='bbox 635 2806 731 2873; x_wconf 88' lang='lat' dir='ltr'><strong>digito</strong></span> <span class='ocrx_word' id='word_1_123' title='bbox 743 2822 749 2858; x_wconf 91' lang='lat'>:</span> 
     </span>
    </p>
   </div>
   <div class='ocr_carea' id='block_1_11' title="bbox 244 2939 1132 3100">
    <p class='ocr_par' dir='ltr' id='par_1_16' title="bbox 244 2939 1132 3100">
     <span class='ocr_line' id='line_1_24' title="bbox 305 2939 1132 3018; baseline 0.006 -21"><span class='ocrx_word' id='word_1_124' title='bbox 305 2943 337 2998; x_wconf 83' lang='lat'><strong>4.</strong></span> <span class='ocrx_word' id='word_1_125' title='bbox 382 2939 576 3018; x_wconf 84' lang='lat' dir='ltr'><strong>Subjunctiva</strong></span> <span class='ocrx_word' id='word_1_126' title='bbox 591 2942 620 2998; x_wconf 87' lang='lat' dir='ltr'><strong>in</strong></span> <span class='ocrx_word' id='word_1_127' title='bbox 637 2961 655 2999; x_wconf 79' lang='lat' dir='ltr'><strong>a</strong></span> <span class='ocrx_word' id='word_1_128' title='bbox 670 2941 867 3001; x_wconf 72' lang='lat' dir='ltr'><strong>consecutive</strong></span> <span class='ocrx_word' id='word_1_129' title='bbox 881 2943 981 3001; x_wconf 83' lang='lat' dir='ltr'><strong>clause</strong></span> <span class='ocrx_word' id='word_1_130' title='bbox 996 2943 1071 3003; x_wconf 85' lang='lat' dir='ltr'><strong>with</strong></span> <span class='ocrx_word' id='word_1_131' title='bbox 1087 2952 1132 3002; x_wconf 80' lang='lat' dir='ltr'><strong>ut.</strong></span> 
     </span>
     <span class='ocr_line' id='line_1_25' title="bbox 244 3039 359 3100; baseline -0.017 0"><span class='ocrx_word' id='word_1_132' title='bbox 244 3043 285 3100; x_wconf 90' lang='lat' dir='ltr'><strong>A.</strong></span> <span class='ocrx_word' id='word_1_133' title='bbox 312 3039 359 3099; x_wconf 80' lang='lat' dir='ltr'><strong>Si.</strong></span> 
     </span>
    </p>
   </div>
   <div class='ocr_carea' id='block_1_12' title="bbox 203 3175 1201 3492">
    <p class='ocr_par' dir='ltr' id='par_1_17' title="bbox 203 3175 1201 3492">
     <span class='ocr_line' id='line_1_26' title="bbox 203 3175 509 3246; baseline -0.003 -12"><span class='ocrx_word' id='word_1_134' title='bbox 203 3175 301 3234; x_wconf 84' lang='lat' dir='ltr'><strong>Serm.</strong></span> <span class='ocrx_word' id='word_1_135' title='bbox 319 3176 348 3245; x_wconf 90' lang='lat' dir='ltr'><strong>I,</strong></span> <span class='ocrx_word' id='word_1_136' title='bbox 369 3178 397 3246; x_wconf 88' lang='lat' dir='ltr'><strong>l,</strong></span> <span class='ocrx_word' id='word_1_137' title='bbox 415 3176 509 3233; x_wconf 80' lang='lat'>56-58</span> 
     </span>
     <span class='ocr_line' id='line_1_27' title="bbox 1101 3261 1201 3323; baseline -0.05 -6"><span class='ocrx_word' id='word_1_138' title='bbox 1101 3261 1145 3317; x_wconf 82' lang='lat' dir='ltr'><strong>Eo</strong></span> <span class='ocrx_word' id='word_1_139' title='bbox 1157 3262 1201 3323; x_wconf 87' lang='lat' dir='ltr'><strong>fit,</strong></span> 
     </span>
     <span class='ocr_line' id='line_1_28' title="bbox 337 3341 954 3410; baseline 0.006 -18"><span class='ocrx_word' id='word_1_140' title='bbox 337 3341 454 3409; x_wconf 87' lang='lat' dir='ltr'><strong>plenior</strong></span> <span class='ocrx_word' id='word_1_141' title='bbox 465 3348 500 3393; x_wconf 91' lang='lat' dir='ltr'><strong>ut</strong></span> <span class='ocrx_word' id='word_1_142' title='bbox 511 3341 612 3409; x_wconf 90' lang='lat' dir='ltr'><strong>siquos</strong></span> <span class='ocrx_word' id='word_1_143' title='bbox 624 3342 753 3395; x_wconf 89' lang='lat' dir='ltr'><strong>delectet</strong></span> <span class='ocrx_word' id='word_1_144' title='bbox 765 3344 851 3410; x_wconf 88' lang='lat' dir='ltr'><strong>copia</strong></span> <span class='ocrx_word' id='word_1_145' title='bbox 862 3343 954 3406; x_wconf 90' lang='lat' dir='ltr'><strong>iusto,</strong></span> 
     </span>
     <span class='ocr_line' id='line_1_29' title="bbox 336 3424 1036 3492; baseline 0.001 -16"><span class='ocrx_word' id='word_1_146' title='bbox 336 3441 404 3477; x_wconf 92' lang='lat' dir='ltr'><strong>cum</strong></span> <span class='ocrx_word' id='word_1_147' title='bbox 416 3424 480 3492; x_wconf 87' lang='lat' dir='ltr'><strong>ripa</strong></span> <span class='ocrx_word' id='word_1_148' title='bbox 494 3424 586 3476; x_wconf 91' lang='lat' dir='ltr'><strong>simul</strong></span> <span class='ocrx_word' id='word_1_149' title='bbox 598 3427 716 3478; x_wconf 85' lang='lat' dir='ltr'><strong>avolsos</strong></span> <span class='ocrx_word' id='word_1_150' title='bbox 729 3427 804 3479; x_wconf 83' lang='lat' dir='ltr'><strong>ierat</strong></span> <span class='ocrx_word' id='word_1_151' title='bbox 815 3427 941 3478; x_wconf 88' lang='lat' dir='ltr'><strong>Aufidus</strong></span> <span class='ocrx_word' id='word_1_152' title='bbox 959 3443 1036 3480; x_wconf 88' lang='lat' dir='ltr'><strong>acer.</strong></span> 
     </span>
    </p>
   </div>
   <div class='ocr_carea' id='block_1_13' title="bbox 171 3559 1103 3962">
    <p class='ocr_par' dir='ltr' id='par_1_18' title="bbox 171 3559 522 3630">
     <span class='ocr_line' id='line_1_30' title="bbox 171 3559 522 3630; baseline 0 -12"><span class='ocrx_word' id='word_1_153' title='bbox 171 3561 173 3566; x_wconf 81' lang='lat'>&#39;</span> <span class='ocrx_word' id='word_1_154' title='bbox 205 3559 299 3619; x_wconf 83' lang='lat' dir='ltr'><strong>Serm.</strong></span> <span class='ocrx_word' id='word_1_155' title='bbox 316 3561 361 3630; x_wconf 82' lang='grc' dir='ltr'><strong>ΙΙ,</strong></span> <span class='ocrx_word' id='word_1_156' title='bbox 380 3561 410 3630; x_wconf 90' lang='lat'><strong>3,</strong></span> <span class='ocrx_word' id='word_1_157' title='bbox 428 3562 522 3618; x_wconf 86' lang='lat'>91-94</span> 
     </span>
    </p>

    <p class='ocr_par' dir='ltr' id='par_1_19' title="bbox 337 3644 1103 3962">
     <span class='ocr_line' id='line_1_31' title="bbox 640 3644 1103 3711; baseline 0.004 -16"><span class='ocrx_word' id='word_1_158' title='bbox 640 3644 743 3708; x_wconf 79' lang='lat' dir='ltr'><strong>Quoad</strong></span> <span class='ocrx_word' id='word_1_159' title='bbox 757 3644 841 3705; x_wconf 81' lang='lat' dir='ltr'><strong>vixit,</strong></span> <span class='ocrx_word' id='word_1_160' title='bbox 856 3644 984 3697; x_wconf 85' lang='lat' dir='ltr'><strong>credidit</strong></span> <span class='ocrx_word' id='word_1_161' title='bbox 996 3645 1103 3711; x_wconf 84' lang='lat' dir='ltr'><strong>ingens</strong></span> 
     </span>
     <span class='ocr_line' id='line_1_32' title="bbox 337 3724 1071 3792; baseline 0.005 -16"><span class='ocrx_word' id='word_1_162' title='bbox 337 3724 510 3792; x_wconf 86' lang='lat' dir='ltr'><strong>pauperiem</strong></span> <span class='ocrx_word' id='word_1_163' title='bbox 522 3725 630 3778; x_wconf 82' lang='lat' dir='ltr'><strong>vitium</strong></span> <span class='ocrx_word' id='word_1_164' title='bbox 642 3732 672 3779; x_wconf 90' lang='lat' dir='ltr'><strong>et</strong></span> <span class='ocrx_word' id='word_1_165' title='bbox 684 3727 762 3780; x_wconf 90' lang='lat' dir='ltr'><strong>cavit</strong></span> <span class='ocrx_word' id='word_1_166' title='bbox 773 3727 852 3779; x_wconf 88' lang='lat' dir='ltr'><strong>nihil</strong></span> <span class='ocrx_word' id='word_1_167' title='bbox 864 3727 971 3790; x_wconf 87' lang='lat' dir='ltr'><strong>acrius,</strong></span> <span class='ocrx_word' id='word_1_168' title='bbox 986 3735 1030 3790; x_wconf 89' lang='lat' dir='ltr'><strong>ut,</strong></span> <span class='ocrx_word' id='word_1_169' title='bbox 1044 3728 1071 3781; x_wconf 93' lang='lat' dir='ltr'><strong>si</strong></span> 
     </span>
     <span class='ocr_line' id='line_1_33' title="bbox 339 3808 1051 3879; baseline 0.004 -19"><span class='ocrx_word' id='word_1_170' title='bbox 339 3809 414 3860; x_wconf 80' lang='lat' dir='ltr'><strong>forte</strong></span> <span class='ocrx_word' id='word_1_171' title='bbox 428 3808 526 3860; x_wconf 89' lang='lat' dir='ltr'><strong>minus</strong></span> <span class='ocrx_word' id='word_1_172' title='bbox 538 3810 673 3877; x_wconf 88' lang='lat' dir='ltr'><strong>locuples</strong></span> <span class='ocrx_word' id='word_1_173' title='bbox 682 3826 743 3862; x_wconf 95' lang='lat' dir='ltr'><strong>uno</strong></span> <span class='ocrx_word' id='word_1_174' title='bbox 755 3811 917 3879; x_wconf 89' lang='lat' dir='ltr'><strong>quadrante</strong></span> <span class='ocrx_word' id='word_1_175' title='bbox 930 3811 1051 3878; x_wconf 87' lang='lat' dir='ltr'><strong>periret,</strong></span> 
     </span>
     <span class='ocr_line' id='line_1_34' title="bbox 337 3892 787 3962; baseline 0.004 -18"><span class='ocrx_word' id='word_1_176' title='bbox 337 3892 402 3959; x_wconf 88' lang='lat' dir='ltr'><strong>ipse</strong></span> <span class='ocrx_word' id='word_1_177' title='bbox 414 3892 564 3944; x_wconf 89' lang='lat' dir='ltr'><strong>videretur</strong></span> <span class='ocrx_word' id='word_1_178' title='bbox 576 3893 633 3945; x_wconf 90' lang='lat' dir='ltr'><strong>sibi</strong></span> <span class='ocrx_word' id='word_1_179' title='bbox 645 3893 787 3962; x_wconf 89' lang='lat' dir='ltr'><strong>nequior:</strong></span> 
     </span>
    </p>
   </div>
   <div class='ocr_carea' id='block_1_14' title="bbox 249 4027 1077 4187">
    <p class='ocr_par' dir='ltr' id='par_1_20' title="bbox 249 4027 1077 4187">
     <span class='ocr_line' id='line_1_35' title="bbox 309 4027 1077 4105; baseline 0.003 -19"><span class='ocrx_word' id='word_1_180' title='bbox 309 4030 339 4086; x_wconf 82' lang='lat'><strong>5.</strong></span> <span class='ocrx_word' id='word_1_181' title='bbox 386 4027 579 4105; x_wconf 83' lang='lat' dir='ltr'><strong>Snbjunctiva</strong></span> <span class='ocrx_word' id='word_1_182' title='bbox 595 4029 624 4086; x_wconf 91' lang='lat' dir='ltr'><strong>in</strong></span> <span class='ocrx_word' id='word_1_183' title='bbox 640 4048 658 4086; x_wconf 85' lang='lat' dir='ltr'><strong>a</strong></span> <span class='ocrx_word' id='word_1_184' title='bbox 673 4029 772 4087; x_wconf 82' lang='lat' dir='ltr'><strong>clauso</strong></span> <span class='ocrx_word' id='word_1_185' title='bbox 788 4028 823 4086; x_wconf 89' lang='lat' dir='ltr'><strong>of</strong></span> <span class='ocrx_word' id='word_1_186' title='bbox 834 4028 1077 4089; x_wconf 72' lang='lat' dir='ltr'><strong>characteristic.</strong></span> 
     </span>
     <span class='ocr_line' id='line_1_36' title="bbox 249 4126 363 4187; baseline 0 -1"><span class='ocrx_word' id='word_1_187' title='bbox 249 4131 289 4186; x_wconf 85' lang='lat' dir='ltr'><strong>A.</strong></span> <span class='ocrx_word' id='word_1_188' title='bbox 317 4126 363 4187; x_wconf 71' lang='lat' dir='ltr'><strong>si.</strong></span> 
     </span>
    </p>
   </div>
   <div class='ocr_carea' id='block_1_15' title="bbox 207 4280 1103 4513">
    <p class='ocr_par' dir='ltr' id='par_1_21' title="bbox 207 4280 1103 4513">
     <span class='ocr_line' id='line_1_37' title="bbox 207 4280 465 4338; baseline -0.004 -1"><span class='ocrx_word' id='word_1_189' title='bbox 207 4280 249 4337; x_wconf 91' lang='lat' dir='ltr'><strong>A.</strong></span> <span class='ocrx_word' id='word_1_190' title='bbox 266 4281 302 4338; x_wconf 90' lang='lat' dir='ltr'><strong>P.</strong></span> <span class='ocrx_word' id='word_1_191' title='bbox 327 4280 465 4337; x_wconf 78' lang='lat'>361-362</span> 
     </span>
     <span class='ocr_line' id='line_1_38' title="bbox 671 4361 1081 4430; baseline 0 -16"><span class='ocrx_word' id='word_1_192' title='bbox 671 4362 728 4415; x_wconf 88' lang='lat' dir='ltr'><strong>erit</strong></span> <span class='ocrx_word' id='word_1_193' title='bbox 738 4379 823 4430; x_wconf 90' lang='lat' dir='ltr'><strong>quae,</strong></span> <span class='ocrx_word' id='word_1_194' title='bbox 837 4362 863 4415; x_wconf 93' lang='lat' dir='ltr'><strong>si</strong></span> <span class='ocrx_word' id='word_1_195' title='bbox 876 4361 999 4430; x_wconf 88' lang='lat' dir='ltr'><strong>propius</strong></span> <span class='ocrx_word' id='word_1_196' title='bbox 1012 4369 1081 4425; x_wconf 88' lang='lat' dir='ltr'><strong>stes,</strong></span> 
     </span>
     <span class='ocr_line' id='line_1_39' title="bbox 340 4444 1103 4513; baseline 0.001 -17"><span class='ocrx_word' id='word_1_197' title='bbox 340 4451 370 4497; x_wconf 91' lang='lat' dir='ltr'><strong>te</strong></span> <span class='ocrx_word' id='word_1_198' title='bbox 383 4444 480 4512; x_wconf 91' lang='lat' dir='ltr'><strong>capiat</strong></span> <span class='ocrx_word' id='word_1_199' title='bbox 492 4445 595 4510; x_wconf 77' lang='lat' dir='ltr'><strong>magis,</strong></span> <span class='ocrx_word' id='word_1_200' title='bbox 610 4451 640 4498; x_wconf 93' lang='lat' dir='ltr'><strong>et</strong></span> <span class='ocrx_word' id='word_1_201' title='bbox 650 4447 804 4513; x_wconf 89' lang='lat' dir='ltr'><strong>quaedam,</strong></span> <span class='ocrx_word' id='word_1_202' title='bbox 819 4447 846 4499; x_wconf 91' lang='lat' dir='ltr'><strong>si</strong></span> <span class='ocrx_word' id='word_1_203' title='bbox 857 4445 979 4512; x_wconf 87' lang='lat' dir='ltr'><strong>longius</strong></span> <span class='ocrx_word' id='word_1_204' title='bbox 991 4452 1103 4513; x_wconf 86' lang='lat' dir='ltr'><strong>apstes.</strong></span> 
     </span>
    </p>
   </div>
   <div class='ocr_carea' id='block_1_16' title="bbox 0 0 1606 5250">
    <p class='ocr_par' dir='ltr' id='par_1_22' title="bbox 0 0 1606 5250">
     <span class='ocr_line' id='line_1_40' title="bbox 0 0 1606 5250; baseline 0 0"><span class='ocrx_word' id='word_1_205' title='bbox 0 0 1606 5250; x_wconf 95' lang='lat' dir='ltr'><strong> </strong></span> 
     </span>
    </p>
   </div>
  </div>
 </body>
</html>
