3194 5250
693 469 733 525 45

151 672 196 710 vs.
217 653 273 710 60:
300 651 320 708 i.
335 670 362 708 e.
377 658 409 707 ui
424 647 594 731 (invenias)
610 649 635 706 si
649 649 754 706 solvas.

108 787 299 854 Serm.1,4,
318 787 451 842 140-141

509 900 557 952 cui
570 899 595 951 si
608 900 769 952 concedere
787 898 876 960 nolis,

241 986 338 1037 multa
349 989 503 1051 poetarum
516 983 616 1035 veniat
629 999 744 1045 manus,

17 1129 20 1137 '
108 1121 207 1180 Serm.
227 1122 272 1189 ΙΙ,
290 1121 321 1190 3,
341 1120 477 1177 128-130

662 1219 810 1285 Populum
824 1218 849 1270 si
863 1219 985 1270 caedere
998 1216 1077 1270 saxis

241 1301 369 1368 incipias
382 1317 519 1354 servosve
531 1307 610 1362 tuos,
625 1317 698 1368 quos
709 1318 776 1353 aere
789 1302 912 1368 pararis,

241 1386 381 1438 insanum
393 1391 423 1436 te
435 1400 538 1436 omnes
551 1385 637 1451 pueri
651 1386 838 1453 clamentque
851 1386 986 1452 puellae;

214 1505 261 1581 c).
307 1504 402 1562 Third
415 1504 527 1561 Person
545 1502 697 1577 Singular.

105 1639 166 1699 ol.
185 1640 248 1708 ΙΙΙ,
267 1639 297 1709 3,
316 1636 410 1695 65-68

241 1745 299 1806 Ter
311 1753 336 1805 si
350 1759 486 1820 resurgat
498 1769 601 1804 murus
611 1768 723 1805 aeneus

242 1841 370 1889 Auctore
384 1837 513 1897 Phoebo,
528 1842 574 1888 ter
586 1842 688 1903 pereat
699 1836 774 1888 meis

274 1921 402 1975 Excisus
414 1919 542 1986 Argivis,
555 1925 601 1971 ter
613 1935 688 1971 uxor

309 2006 402 2070 Capta
413 2003 512 2055 virum
525 2018 691 2069 puerosque
704 2004 822 2070 ploret)

105 2138 166 2206 Od,
186 2140 248 2209 111,
266 2140 317 2208 27,
335 2139 431 2196 45-48

239 2271 339 2339 Siquis
352 2271 494 2322 infamem
507 2269 582 2321 mihi
595 2286 674 2321 nunc
685 2269 845 2322 iuvencum

241 2356 338 2407 Dedat
349 2355 451 2415 iratae,
467 2356 595 2405 lacerare
609 2355 687 2405 ferro
700 2359 731 2405 et

242 2440 389 2504 Frangere
402 2437 499 2489 enitar
511 2437 599 2488 modo
613 2439 743 2488 multum
754 2436 844 2488 amati

275 2523 392 2574 Cornua
405 2520 542 2572 monstn‘.

105 2657 206 2716 Serm.
228 2658 252 2728 Ι,
273 2660 301 2727 l,
322 2658 414 2713 15-19

247 2808 500 2822 ................
508 2771 608 2839 Siquis
620 2771 694 2822 deus
708 2775 767 2822 “en
779 2774 855 2837 ego”
869 2770 951 2822 dicat

103 3075 206 3135 Serm.
225 3076 254 3144 Ι,
274 3075 304 3144 3,
322 3075 418 3131 80·83

240 3189 340 3257 Siquis
352 3205 420 3240 eum
434 3205 562 3248 servum,
577 3187 710 3255 patinam
724 3188 776 3256 qui
788 3189 897 3240 tollere
909 3188 1010 3240 iussus

238 3291 368 3328 semesos
380 3275 472 3342 piscis
484 3274 677 3341 tepidumque
687 3275 853 3341 ligurrierit
864 3275 921 3336 ius,

238 3358 269 3410 in
283 3375 370 3411 cruce
383 3360 514 3426 suffigat:
534 3358 669 3414 Labeone
682 3357 816 3410 insanior
826 3359 906 3411 inter

236 3458 324 3494 sanos
337 3441 464 3494 dicatur.

104 3575 205 3634 Serm.
222 3577 249 3647 Ι,
268 3577 299 3645 4,
317 3578 412 3634 41-42

560 3689 664 3742 neque,
679 3674 756 3742 siqui
770 3675 879 3727 scribat
891 3673 937 3727 uti
950 3691 1004 3727 nos

238 3758 368 3811 sermoni
381 3759 530 3826 propiora,
545 3764 631 3825 putes
644 3761 724 3810 hunc
737 3774 800 3811 esse
813 3765 941 3825 poetam.

102 3894 201 3953 Serm.
218 3895 245 3962 I,
262 3896 293 3960 4,
313 3893 407 3953 67-68

800 4015 832 4062 at
843 4011 919 4062 bene
932 4009 1025 4078 siquis

236 4100 267 4146 et
278 4093 359 4146 vivat
371 4093 455 4160 puris
469 4093 615 4155 manibus,
630 4100 977 4161 contemnatutrumque.

99 4228 201 4289 Serm.
219 4230 247 4298 Ι,
266 4230 295 4299 6,
314 4228 409 4287 30-32

234 4349 275 4398 Ut
287 4345 365 4412 siqui
378 4352 512 4412 aegrotet
523 4361 582 4413 quo
595 4345 698 4396 morbo
711 4348 828 4407 Barrus,
842 4345 944 4397 haberi

234 4434 265 4480 et
277 4428 378 4495 cupiat
391 4430 569 4491 formonsus,
585 4435 633 4481 eat
644 4445 838 4496 quacumque,
853 4428 964 4495 puellis

233 4511 338 4564 iniciat
350 4527 451 4564 curam
464 4512 625 4580 quaerendi
643 4511 772 4578 singula,
