3194 5250
767 402 825 459 118

202 584 287 662 151).
333 586 459 643 Prssont
472 584 806 643 Indicativo-Present
822 584 1029 662 Subjnnctive.

242 704 291 778 1).
338 701 487 760 Potentia}
503 699 709 778 subjunctive.

240 820 290 893 a).
336 819 431 876 Third
446 820 571 876 Person.

199 985 296 1045 Serm.
315 987 342 1050 1.
361 986 391 1056 3,
410 986 504 1043 29-32

331 1117 507 1169 Iracundior
519 1124 565 1170 cst
576 1118 676 1184 paulo,
691 1118 791 1171 minus
803 1124 891 1186 aptus
903 1120 999 1171 acutis

331 1201 451 1253 naribus
464 1203 573 1252 horum
585 1201 742 1253 hominum
754 1217 760 1264 ;
784 1202 874 1254 rideri
886 1203 981 1270 possit
993 1219 1028 1255 eo
1041 1204 1120 1272 quod

330 1285 472 1336 rusticius
485 1291 572 1336 tonso
584 1290 653 1351 toga
665 1285 770 1337 defluit
781 1291 812 1337 et
824 1288 900 1338 male
913 1289 1000 1339 laxus

332 1367 363 1419 in
377 1368 453 1435 pede
465 1368 582 1421 calceus
594 1370 712 1431 haeret3

242 1521 272 1578 2.
339 1520 461 1581 Jussivo
477 1518 682 1596 subjunctive.

241 1642 291 1712 a).
338 1636 452 1695 Second
469 1637 592 1695 Person.

202 1788 298 1862 spon.
316 1788 364 1856 rs,
385 1789 477 1845 15-17

335 1920 433 1979 Forte,
448 1919 527 1986 qnod
541 1918 689 1985 expediat,
709 1919 908 1970 communiter
919 1926 971 1971 aut
982 1919 1088 1971 melior
1100 1936 1168 1986 pars

368 2001 458 2053 Malis
471 2018 568 2053 carere
582 2001 724 2069 quaeritis
738 2002 906 2054 laboribus:

336 2086 429 2136 Nulla
441 2085 481 2137 sit
493 2087 548 2137 hac
560 2085 660 2151 potior
672 2085 835 2137 sententia:

244 2237 290 2314 b).
337 2236 431 2294 Third
447 2237 572 2295 Person.

204 2386 301 2446 Serm.
319 2388 346 2455 Ι,
365 2387 395 2456 3,
413 2388 451 2443 49

336 2519 457 2572 Parcius
470 2519 519 2571 hic
532 2519 624 2572 vivit:
651 2519 729 2586 frugi
741 2519 867 2571 dicatur.

205 2671 302 2730 Serm.
320 2672 348 2738 1,
366 2672 396 2736 3,
414 2672 508 2728 til-52

694 2806 734 2854 At
745 2807 791 2854 est
802 2802 1003 2854 truculentior
1014 2807 1103 2869 atque

336 2887 405 2953 plus
418 2901 511 2954 aequo
524 2885 614 2937 liber:
640 2885 769 2952 simplex
782 2885 926 2953 fortisque
938 2886 1090 2937 habeatur.

206 3038 304 3096 Serm.
322 3038 349 3107 1,
368 3038 398 3105 3,
417 3038 456 3094 53

340 3169 461 3222 Caldior
472 3175 533 3221 est:
559 3168 634 3221 acris
646 3169 726 3220 inter
737 3174 918 3220 numeretur.

249 3322 277 3378 3.
347 3320 541 3396 subjunctive
557 3316 586 3377 in
603 3341 620 3377 a
637 3320 810 3378 Rhetorica}
825 3320 981 3394 Question.
1059 3335 1063 3351 ·

249 3444 297 3512 a).
345 3438 438 3496 Third
455 3438 579 3496 Person.

207 3589 301 3663 Epist.
321 3590 366 3657 11,
385 3591 414 3655 2,
433 3588 527 3645 81-86

339 3721 508 3787 Ingenium,
523 3720 579 3771 sibi
593 3719 672 3787 quod
686 3736 792 3773 vacuas
805 3720 973 3786 desumpsit
984 3721 1117 3772 Athenas

338 3810 369 3856 et
381 3803 489 3855 studiis
502 3819 594 3855 annos
607 3811 722 3869 septem
735 3804 819 3855 dedit
830 3803 1021 3871 insenuitque

337 3887 423 3939 libris
436 3894 465 3938 et
477 3887 566 3948 curis,
581 3893 678 3938 statua
690 3886 868 3938 taciturnius
880 3886 944 3938 exit

340 3972 517 4037 plerumque
529 3977 559 4022 et
572 3970 632 4021 risu
646 3971 794 4036 populum
807 3969 918 4036 quatit:
945 3970 995 4021 hic
1007 3985 1061 4036 ego
1075 3985 1174 4021 rerum

339 4054 479 4105 fluctibus
492 4054 522 4104 in
536 4053 644 4105 mediis
656 4059 686 4105 et
697 4053 926 4120 tempestatibus
938 4053 1020 4104 urbis

339 4137 427 4190 verba
439 4139 520 4204 lyrae
534 4143 651 4188 motura
664 4153 770 4188 sonum
783 4143 936 4188 conectere
948 4137 1070 4203 digner?

210 4288 300 4361 152).
347 4289 697 4346 Prosentludicntivs—

251 4405 300 4470 ni.
348 4404 461 4463 Second
477 4406 602 4462 Persou.
