3194 5250
283 663 380 738 Epist.
407 664 450 727 ΙΙ,
480 665 507 731 l,
533 663 623 717 79-81

418 783 508 830 Recte
522 794 614 829 necne
627 793 746 829 crocum
758 777 903 843 floresque
916 776 1102 843 perambulet
1115 779 1201 826 Attae

418 863 520 914 fabula
532 862 556 913 si
570 860 714 921 dubitem,
728 862 859 912 clament
868 859 991 926 periisse
1003 859 1148 925 pudorem

417 945 518 997 cuncti
531 960 624 1010 paene
638 949 747 1009 patres,

284 1067 324 1123 A.
350 1067 386 1122 Ρ.
412 1065 506 1122 35-37

585 1182 674 1229 Hunc
687 1194 741 1244 ego
754 1193 810 1238 me,
825 1177 923 1244 siquid
936 1192 1114 1244 componere
1126 1192 1236 1236 curem,

415 1279 474 1314 non
488 1261 581 1328 magis
594 1278 657 1314 esse
671 1261 771 1321 velim,
786 1277 874 1328 quam
887 1276 958 1312 naso
971 1260 1069 1312 vivere
1083 1276 1183 1326 pravo,

417 1346 613 1412 spectandum
624 1345 717 1411 nigris
729 1344 825 1396 oculis
838 1345 981 1411 nigroque
995 1343 1115 1410 capillo.

388 1466 439 1535 b).
486 1464 601 1522 Second
618 1464 729 1520 Person
746 1462 898 1538 Singulas.

287 1597 343 1656 Ol,
361 1599 387 1666 Ι,
409 1598 456 1667 13,
479 1598 569 1653 13-Ιὸ

416 1716 493 1773 Non,
509 1712 593 1764 sime
607 1711 678 1763 satis
690 1711 804 1771 audias,

449 1797 556 1862 Speres
569 1800 747 1862 perpetuum
758 1794 860 1845 dulcia
872 1794 993 1846 barbare

419 1879 597 1934 Laedentem
611 1879 722 1938 oscula,

325 1995 472 2053 sinodica
488 1997 513 2053 is
529 1995 792 2070 110tparenthetic3
818 1994 868 2051 did
884 1995 936 2051 she
959 2005 1011 2052 not
1027 1995 1114 2052 listeu
1131 2005 1160 2052 to
1177 1994 1238 2050 him
1255 1994 1308 2051 she
1324 1994 1418 2067 might
1436 2014 1486 2051 eu·

285 2097 391 2155 tertain
409 2097 457 2154 the
481 2097 566 2171 hope.

287 2230 384 2289 Serm.
403 2232 430 2298 Ι,
453 2232 537 2300 1,43

418 2346 514 2411 ‘Quod
527 2345 553 2398 si
566 2345 760 2406 comminuas,
775 2345 866 2397 vilem
879 2343 1031 2410 redigatur
1043 2344 1079 2395 ad
1092 2348 1207 2396 assem)

331 2463 416 2535 Quod
430 2488 470 2516 =
486 2472 515 2521 at
530 2464 572 2521 id,

285 2599 382 2657 Serm.
400 2599 427 2668 Ι,
449 2602 477 2667 l,
494 2599 590 2655 46-49

415 2730 475 2766 non
488 2721 558 2766 tuus
570 2716 628 2764 hoc
641 2713 738 2780 capiet
750 2720 854 2765 venter
866 2714 935 2779 plus
948 2729 982 2764 ac
994 2728 1087 2773 meus,
1102 2718 1136 2763 ut
1148 2711 1173 2763 si

418 2797 578 2850 reticulum
590 2797 676 2863 panis
689 2797 804 2849 venalis
815 2796 894 2848 inter
911 2801 1019 2847 onusto

418 2881 494 2932 forte
509 2883 599 2933 vehas
612 2896 723 2942 umero,
738 2879 836 2931 nihilo
849 2881 919 2946 plus
928 2878 1056 2945 accipias
1069 2894 1157 2946 quam

417 2964 469 3031 qui
481 2964 525 3015 nil
538 2963 674 3031 portarit.

287 3097 382 3158 Serm.
401 3100 428 3169 Ι,
448 3102 477 3169 l,
496 3100 588 3155 88-91

418 3219 457 3266 At
469 3215 495 3266 si
507 3221 657 3280 cognatos,
672 3215 758 3265 nullo
771 3220 876 3266 natura
888 3214 987 3265 labore

417 3314 491 3366 quos
503 3297 558 3350 tibi
571 3298 631 3359 dat,
646 3298 773 3350 retinere
786 3297 862 3350 velis
874 3313 1048 3363 servareque
1061 3297 1181 3357 amicos,

414 3381 524 3434 infelix
536 3398 656 3448 operam
669 3381 783 3448 perdas.
799 3387 833 3432 ut
845 3380 937 3448 siquis
949 3382 1079 3431 asellum

350 3463 353 3468 ’
416 3465 447 3516 in
461 3481 565 3532 campo
577 3465 683 3517 doceat
694 3472 847 3531 parentem
860 3480 976 3515 currere
991 3464 1092 3515 frenis.

285 3599 382 3660 Saum.
397 3601 424 3669 1,
442 3602 473 3670 4,
492 3601 586 3657 55-56

414 3731 503 3783 quem
515 3715 540 3768 si
552 3714 707 3776 dissolvas,
722 3714 819 3783 quivis
831 3716 1034 3766 stomachetur
1045 3714 1150 3766 eodem

417 3815 476 3868 quo
488 3805 665 3865 personatus
677 3805 764 3864 pacto
777 3804 870 3864 pater.

284 3934 382 3992 Selm.
400 3936 428 4005 Ι,
446 3936 476 4005 4,
496 3935 590 3991 5643?

917 4016 983 4077 His,
997 4031 1052 4081 ego
1065 4032 1139 4082 quae
1152 4031 1242 4076 nunc,

416 4099 490 4151 olim
503 4114 577 4166 quae
590 4097 711 4164 scripsit
723 4097 867 4159 Lucilius,
882 4099 991 4166 eripias
1004 4099 1029 4150 si

414 4189 549 4248 tempora
561 4189 641 4234 certa
654 4182 824 4249 modosque,
838 4188 869 4233 et
882 4183 960 4249 quod
973 4183 1057 4248 prius
1069 4182 1174 4234 ordine
1185 4183 1308 4234 verbum
1320 4186 1366 4233 est

413 4266 562 4333 posterius
575 4266 665 4317 facias
678 4281 863 4332 praeponens
876 4267 984 4317 ultima
997 4266 1111 4332 primis,

415 4365 484 4410 non,
500 4355 533 4400 ut
545 4349 569 4400 si
583 4351 682 4401 solvas
696 4353 864 4416 ‘postquam
877 4350 1032 4401 Discordia
1044 4355 1139 4401 taetra

414 4432 487 4484 belli
501 4434 625 4484 ferratos
638 4433 732 4499 postis
745 4438 902 4499 portasque
916 4433 1058 4499 refregit,’

414 4515 550 4569 invenias
562 4515 652 4568 etiam
664 4515 782 4568 disiecti
795 4516 925 4567 membra
938 4522 1051 4582 poetae.
