3194 5250
304 594 399 668 Epist.
418 594 444 663 1,
464 594 494 663 6,
511 593 609 650 46-48

1149 711 1163 744 r
1184 711 1202 745 o

432 775 457 827 si
470 791 516 827 res
529 775 592 827 sola
604 779 704 842 potest
716 776 811 827 facere
823 781 857 827 et
868 792 984 829 servare
996 695 1147 838 beatum,E
1163 710 1183 760 g

432 860 489 910 hoe
501 858 614 925 primus
626 864 742 924 repetas
754 874 838 925 opus,
854 860 911 910 hoc
922 865 1090 926 postremus
1102 861 1233 913 omittas.

288 995 395 1082 epist.
413 995 440 1064 Ι,
460 994 492 1064 6,
511 992 605 1051 65-66

431 1110 473 1171 si,
488 1109 684 1161 Mimnermus
697 1109 742 1160 uti
755 1115 865 1171 censet,
879 1109 943 1161 sine
956 1126 1055 1161 amore
1068 1111 1200 1179 iocisque

430 1192 475 1245 nil
487 1198 532 1245 est
544 1193 718 1254 iucundum,
729 1191 811 1245 vivas
822 1192 853 1244 in
866 1208 965 1244 amore
977 1193 1115 1260 iocisque.

402 1330 432 1384 4.
480 1327 674 1404 subjunctive
690 1327 719 1384 iu
736 1346 754 1384 a
769 1328 885 1385 modest
899 1328 1058 1386 assertiou.

341 1432 380 1486 A.
406 1429 540 1487 Protesis
556 1429 728 1486 introduced
745 1427 834 1505 byei.

402 1531 451 1602 a).
498 1528 592 1587 Third
607 1530 720 1587 Person
737 1526 890 1602 Singulur.

299 1676 394 1754 Epist.
410 1680 455 1749 Π,
475 1682 504 1749 1,
523 1680 617 1736 34-35

430 1794 462 1848 Si
475 1794 598 1846 meliora
609 1794 682 1855 dies,
697 1799 731 1846 ut
742 1793 820 1855 vina,
834 1800 970 1861 poemata
982 1794 1090 1856 reddit,

431 1878 505 1930 scire
518 1877 618 1938 velim,
633 1877 744 1928 chartis
756 1876 886 1943 pretium
899 1883 1007 1944 quotus
1019 1878 1142 1945 adroget
1160 1895 1265 1931 annus.

402 2016 431 2070 ὁ.
476 2012 670 2088 Subjuuctive
686 2012 715 2068 iu
731 2031 750 2068 a
766 2012 938 2069 Rhetorica}
953 2011 1109 2086 Question.

339 2116 379 2171 A.
401 2114 535 2171 Protusis
551 2113 723 2170 introduced
739 2114 778 2189 by
794 2111 829 2168 si.

402 2217 451 2289 a).
497 2213 591 2271 Third
607 2214 719 2270 Persou
737 2211 889 2286 Singulur.

302 2362 359 2422 Od.
378 2364 441 2433 ΙΙΙ,
461 2366 489 2433 1,
508 2363 603 2420 41-48

432 2477 546 2544 Quodsi
558 2478 711 2529 dolentem
723 2493 778 2529 nec
790 2477 938 2545 Phrygius
952 2479 1029 2545 lapis

433 2565 494 2614 Nec
506 2577 706 2628 purpurarum
719 2561 816 2614 sidere
829 2561 937 2613 clarior

466 2644 588 2696 Delenit
600 2661 672 2696 usus
684 2660 739 2696 nec
751 2646 877 2696 Falerna

498 2727 577 2779 Vitis
589 2727 878 2795 Achaemeniumque
892 2733 1021 2780 costum:

434 2814 493 2864 Cur
504 2811 674 2864 invidendis
687 2810 821 2879 postibus
833 2816 864 2863 et
876 2827 953 2864 novo

432 2895 566 2948 Sublime
579 2894 638 2946 ritu
651 2894 759 2946 moliar
770 2894 899 2946 atrium?

466 2979 526 3029 Cur
537 2979 616 3030 valle
629 2984 796 3045 permutem
809 2976 918 3030 Sabina

497 3060 625 3113 Divitias
637 3060 838 3127 operosiores?

301 3197 397 3256 Serm.
416 3197 443 3266 Ι,
462 3197 492 3265 2,
514 3196 650 3252 116-118

873 3293 1002 3346 Tument
1014 3293 1069 3345 tibi
1082 3310 1149 3345 cum
1165 3295 1298 3362 inguina,

549 3393 631 3439 num,
647 3376 672 3429 si

433 3460 542 3513 anciila
554 3467 606 3512 aut
617 3476 707 3513 verna
718 3467 764 3512 est
775 3466 892 3526 praesto
905 3476 988 3527 puer,
1002 3459 1132 3527 impetus
1143 3461 1175 3512 in
1189 3478 1277 3528 quem

431 3544 572 3596 continuo
584 3546 644 3604 fiat,
659 3543 745 3595 malis
758 3543 903 3611 tentigine
916 3543 1034 3610 rumpi?

404 3681 434 3737 6.
469 3679 674 3754 vSubjuuctive
696 3678 753 3735 due
777 3688 806 3736 to
829 3679 877 3736 the
901 3677 1102 3754 hypotheticul
1125 3677 1204 3736 force
1227 3681 1262 3737 of
1279 3681 1328 3738 the
1343 3683 1442 3739 clause
1469 3683 1499 3740 in

301 3782 397 3838 which
414 3781 437 3838 it
448 3779 561 3836 stands.

342 3884 382 3939 A.
407 3879 542 3938 Protesis
558 3878 729 3936 introduced
746 3880 785 3954 by
800 3877 834 3934 si.

404 3982 454 4053 a).
499 3978 593 4035 Third
609 3979 721 4036 Persou
739 3977 890 4053 Singulas.

303 4118 343 4173 A.
362 4117 397 4173 P.
408 4113 547 4170 457-460

432 4244 482 4296 hie
493 4244 564 4295 dum
577 4243 713 4296 sublimis
726 4260 827 4296 versus
840 4248 974 4295 ructatur
987 4249 1018 4295 et
1029 4250 1116 4305 errat,

430 4328 456 4380 si
468 4326 562 4380 veluti
574 4327 698 4382 merulis
709 4325 843 4378 intentus
855 4325 968 4378 decidit
980 4342 1088 4393 auceps

430 4412 461 4463 in
474 4417 597 4477 puteum
610 4411 771 4469 foveamve,
787 4410 858 4461 licet
871 4413 877 4436 ‘
890 4409 1068 4461 succurrite’
1084 4411 1206 4476 longum

432 4497 541 4546 clamet
553 4497 559 4520 ‘
569 4493 598 4545 io
610 4493 704 4546 cives!
716 4497 722 4520 ’
737 4509 796 4544 nou
810 4492 849 4544 sit
861 4492 912 4559 qui
924 4493 1031 4545 tollere
1044 4499 1135 4545 curet.
