3194 5250
143 607 199 665 od.
219 607 276 673 IV,
295 607 324 673 9,
343 605 396 661 5-6

277 723 354 780 Non,
369 719 395 771 si
408 719 521 786 priores
535 719 690 770 Maeonius
702 726 784 769 tenet

277 803 369 856 Sedes
383 806 540 862 Homerus,
555 801 726 853 Pindaricae
740 803 835 853 latent

144 940 178 997 C.
195 941 225 996 S.
247 939 339 996 65-68

275 1054 309 1107 Si
322 1054 471 1105 Palatinas
481 1053 562 1106 videt
571 1069 680 1120 aequos
693 1069 766 1113 aras,

278 1142 410 1205 Remque
425 1141 587 1188 Romanam
601 1136 778 1204 Latiumque
791 1135 865 1187 felix

277 1222 413 1272 Alterum
426 1220 456 1271 in
471 1221 600 1271 lustrum
614 1219 778 1286 meliusque
792 1234 908 1285 semper

309 1306 451 1369 Prorogat
462 1319 575 1355 aevom.
637 1363 640 1371 Ι

146 1442 241 1496 Serra.
264 1441 287 1507 1,
307 1440 337 1507 9,
355 1439 449 1495 83-85

279 1555 362 1606 Adde
375 1556 434 1605 huc
446 1555 524 1621 quod
538 1569 665 1605 mercem
679 1554 742 1604 sine
753 1553 831 1604 fucis
841 1558 948 1619 gestat,
962 1559 1063 1619 aperte

277 1639 355 1705 quod
368 1639 472 1690 venale
485 1638 575 1689 habet
586 1637 726 1697 ostendit,
741 1653 845 1703 neque,
860 1636 958 1703 siquid
970 1637 1089 1688 honesti
1101 1643 1155 1697 est,

276 1721 368 1773 iactat
380 1722 525 1788 habetque
539 1722 647 1786 palam,
662 1720 777 1788 quaerit
788 1736 847 1787 quo
858 1719 958 1786 turpia
971 1720 1056 1771 celet.

148 1859 242 1916 Serm.
263 1859 290 1924 1,
308 1858 339 1926 3,
356 1858 450 1913 44-47

871 1971 1047 2023 Strabonem

277 2057 412 2122 appellat
424 2061 543 2121 paetum
557 2061 650 2120 pater,
664 2060 694 2105 et
707 2056 835 2121 pullum,
850 2055 926 2106 male
939 2069 1045 2120 parvos

280 2139 304 2190 si
317 2139 365 2190 cui
378 2139 459 2190 filius
471 2144 525 2198 est,
540 2144 574 2190 ut
585 2139 737 2190 abortivus
751 2138 809 2188 fuit
820 2138 892 2188 olim

279 2222 426 2289 Sisyphus
436 2237 442 2283 ;

149 2358 243 2416 Serm.
263 2359 289 2426 1,
308 2359 338 2425 3,
360 2358 493 2413 124-126

655 2471 686 2524 Si
699 2471 792 2531 dives,
807 2470 857 2538 qui
870 2471 988 2537 sapiens
1000 2477 1054 2532 est,

278 2562 309 2607 et
321 2562 404 2607 sutor
416 2555 512 2606 bonus
524 2560 554 2606 et
567 2556 649 2606 solus
662 2557 810 2606 formosus
822 2560 852 2606 et
863 2560 909 2606 est
920 2571 972 2605 rex
985 2571 990 2604 :

278 2656 329 2690 cur
348 2645 433 2706 optas
445 2638 523 2705 quod
537 2637 648 2689 habes?

147 2775 242 2834 Serm.
258 2776 303 2844 ΙΙ,
321 2777 351 2840 3,
371 2776 465 2833 74-76

278 2892 310 2944 Si
325 2892 403 2942 male
417 2907 477 2942 rem
491 2906 591 2957 gerere
603 2890 701 2941 insani
715 2896 768 2947 est.
783 2896 885 2942 contra
896 2890 970 2942 bene
983 2889 1056 2950 sani,

280 2974 415 3041 putidius
428 2976 524 3025 multo
537 2974 688 3025 cerebrum
701 2981 755 3033 est,
767 2973 951 3034 mihicrede,
966 2973 1075 3024 Perelli

278 3057 428 3118 dictantiS,
443 3056 522 3125 quod
534 3063 566 3107 tu
580 3072 741 3123 numquam
754 3056 914 3108 rescribere
924 3056 1028 3122 possis.

147 3195 242 3252 Satin.
262 3197 305 3265 ΙΙ,
324 3196 354 3264 3,
375 3195 509 3250 126-128

893 3311 998 3373 Quare,

280 3393 304 3444 si
318 3393 438 3460 quidvis
451 3393 524 3445 satis
537 3399 591 3453 est,
607 3392 751 3459 periuras,
763 3393 896 3460 surripis,
911 3393 1009 3444 aufers

277 3477 426 3543 undiquc?

148 3613 243 3670 Serm.
259 3613 304 3682 11,
323 3614 352 3681 6,
375 3612 409 3668 13

279 3728 313 3789 si,
329 3727 407 3795 quod
421 3727 513 3788 adest,
527 3733 643 3794 gratum
654 3727 745 3787 iuvat,
761 3727 815 3777 hac
828 3741 913 3792 prece
926 3732 955 3777 te
967 3741 1034 3776 oro:

149 3862 245 3921 Serm.
264 3864 308 3932 ΙΙ,
328 3864 358 3930 6,
377 3864 469 3920 78-79

545 3978 644 4045 Siquis
657 3993 725 4028 nam
739 3977 842 4028 laudat
853 3977 948 4028 Arelli

281 4061 426 4112 sollicitas
437 4061 559 4127 ignarus
571 4076 652 4127 opes,
666 4060 708 4111 sic
720 4059 843 4126 incipit:

150 4197 246 4270 Epist.
265 4197 291 4260 l,
314 4200 339 4262 1,
359 4198 452 4252 95·97

524 4311 549 4362 si
564 4312 640 4362 forte
653 4311 799 4362 subucula
812 4326 903 4377 pexae

281 4394 350 4445 trita
360 4395 462 4445 subest
473 4395 600 4454 tunicae,
615 4395 664 4445 vei
676 4394 701 4445 si
714 4400 783 4460 toga
795 4393 920 4444 dissidet
931 4393 1036 4460 impar,

281 4478 359 4529 rides
370 4494 375 4528 :

741 4546 759 4602 3
