3194 5250
678 405 716 491 aa

398 604 447 656 lv.
483 604 607 656 promsi·
618 605 646 656 in
657 603 707 656 the
718 604 822 656 Patrne
834 604 996 656 indicative.

102 755 173 828 20).
220 755 369 829 Apodosis
385 755 413 810 iu
430 755 478 812 the
494 753 613 812 Perfeci
627 754 805 812 Iudicativc.

144 858 183 912 A.
210 855 343 913 Protasis
359 855 530 912 introduced
547 856 585 932 by
600 854 635 911 si.

205 956 250 1031 a).
296 954 391 1013 Third
408 957 519 1012 Person
535 953 686 1029 singular.

103 1105 200 1164 Serm.
214 1106 241 1175 Ι,
260 1106 290 1174 6,
309 1106 398 1162 68-71

233 1221 259 1273 si
271 1237 366 1289 neque
378 1221 533 1274 avaritiam
545 1237 640 1288 neque
653 1221 755 1274 sordes
768 1237 801 1272 ac
814 1222 891 1273 mala
905 1223 1000 1273 lustra

232 1304 342 1356 obiciet
354 1320 420 1357 vere
433 1304 589 1372 quisquam
602 1304 687 1366 mihi,
707 1342 780 1354 .....
789 1320 791 1324 ·
791 1341 994 1353 .............

235 1403 322 1439 causa
335 1387 394 1439 fuit
406 1393 490 1455 pater
501 1387 559 1449 his,

102 1583 169 1659 21).
215 1583 365 1657 Apodosis
381 1583 410 1638 in
426 1583 476 1640 the
492 1583 603 1640 Futuro
619 1583 794 1641 Indicutive.

143 1686 183 1741 A.
208 1683 342 1741 Protasis
357 1682 530 1740 introduced
545 1683 584 1759 by
599 1682 635 1739 si.

204 1785 249 1861 a).
296 1783 377 1841 First
391 1784 503 1840 Person
521 1782 671 1858 singular.

103 1933 160 1993 os.
179 1935 236 2004 1v‚
254 1935 284 2004 1,
301 1934 396 1990 45-48

231 2066 307 2117 Tum
320 2082 410 2127 meae,
425 2065 524 2134 siquid
537 2067 641 2134 loquar
653 2065 845 2127 audiendum,

232 2149 322 2201 Vocis
334 2149 541 2201 accedet'bona
554 2155 676 2217 pars,'et
689 2151 723 2201 ‘O
736 2138 790 2202 So'l

232 2233 370 2295 Pulcher,
384 2250 402 2285 o
414 2233 561 2285 laudande
572 2234 595 2286 l’
610 2248 713 2285 canam
726 2239 845 2300 recepto

267 2319 390 2369 Caesare
403 2316 487 2369 felix.
759 2328 762 2335 ·

101 2435 196 2495 Serm.
214 2436 260 2505 ΙΙ,
279 2437 309 2505 2,
327 2436 345 2492 8

232 2550 338 2612 dicam,
353 2550 378 2602 si
391 2557 505 2618 potero.

202 2671 253 2744 b).
299 2668 413 2728 Second
429 2644 540 2727 Persou
558 2668 708 2744 singular.

98 2802 157 2863 Od.
175 2804 203 2870 Ι,
222 2806 251 2873 1,
270 2804 364 2860 34-35

231 2919 345 2984 Quodsi
357 2935 404 2970 me
415 2919 518 2986 lyricis
531 2919 648 2972 vatibus
660 2919 783 2980 inseres,

231 3003 360 3056 Sublimi
373 3004 475 3055 feriam
489 3003 585 3055 sidera
597 3004 718 3056 vertice.

100 3139 198 3199 Serm.
216 3141 243 3210 Ι,
262 3142 292 3210 2,
310 3141 404 3197 96-97

230 3255 262 3308 Si
273 3255 432 3307 interdicta
444 3261 536 3322 petes,
550 3257 631 3308 vallo
643 3256 824 3308 circumdata
837 3257 920 3319 (nam
934 3264 963 3309 te
991 3318 993 3322 ⁸

232 3340 289 3390 hoc
301 3338 373 3390 facit
382 3339 548 3404 insanum),
562 3341 674 3391 multae
686 3340 742 3392 tibi
753 3346 818 3391 tum
830 3341 961 3392 officient
972 3357 1027 3401 res,

99 3473 196 3534 Serm.
214 3475 258 3544 ΙΙ,
279 3475 308 3544 3,
329 3475 380 3531 1-4

232 3589 274 3642 ‘Si
286 3606 352 3641 raro
365 3590 485 3651 scribes,
500 3596 534 3642 ut
542 3595 605 3641 toto
616 3607 676 3642 non
690 3598 794 3658 quater
806 3608 884 3643 anno

232 3674 433 3725 membranam
442 3689 554 3740 poscas,
569 3674 748 3742 scriptorum
766 3691 898 3742 quaeque
911 3681 1061 3736 retexens,

231 3756 324 3808 iratus
336 3757 400 3819 tibi,
415 3758 494 3826 quod
506 3758 569 3811 vini
581 3759 736 3826 somnique
749 3759 895 3825 benignus

232 3841 277 3891 nil
288 3840 412 3907 dignum
425 3858 559 3895 sermone
572 3858 674 3894 canas:
695 3842 767 3909 quid
779 3844 850 3894 fiet?

99 3959 197 4034 Epist.
215 3961 243 4030 1,
262 3963 290 4030 1,
309 3961 404 4018 59-60

388 4080 427 4129 At
438 4078 523 4144 pueri
534 4078 673 4129 ludentes
687 4082 749 4130 ‘rex
762 4079 829 4130 eris’
843 4079 927 4130 aiunt

233 4158 359 4212 ‘sirecte
373 4160 482 4212 facies!

99 4278 196 4352 Epist.
216 4279 242 4347 Ι,
261 4279 291 4346 2,
310 4279 348 4336 34

233 4394 258 4445 si
270 4396 354 4447 noles
367 4410 465 4457 sanus,
481 4412 580 4447 curres
593 4396 775 4463 hydropicus
786 4412 792 4457 ;

684 4500 701 4554 5
