3194 5250
206 563 302 624 serm.
321 564 350 635 Ι,
368 565 398 631 2,
417 564 475 621 134

338 678 489 746 Deprendi
502 677 644 730 miserum
656 686 715 732 est:
752 679 843 732 Fabio
856 681 905 733 vel
918 679 1016 733 indice
1027 679 1154 734 vincam.

246 800 276 857 A
291 799 461 856 concessiva
476 797 555 856 force
572 797 597 855 is
614 799 682 855 hera
698 799 877 873 prominent.

205 949 301 1008 Serm.
316 949 361 1017 ΙΙ,
380 950 411 1018 3,
430 950 525 1006 66-68

337 1080 461 1146 ‘Accipe
474 1081 553 1148 quod
566 1095 727 1148 numquam
739 1080 846 1132 reddas
859 1080 949 1131 mihi'
964 1080 989 1132 si
1002 1080 1058 1132 tibi
1071 1080 1178 1143 dicam,

335 1169 407 1215 tune
418 1164 542 1216 insanus
554 1164 612 1215 eris
624 1163 820 1230 siacceperis,
835 1179 872 1214 an
886 1163 981 1230 magis
992 1180 1098 1216 excors

334 1245 438 1299 reiecta
445 1247 568 1313 praeda.
583 1262 670 1315 quarn
683 1262 822 1314 praesens
835 1246 1001 1298 Mercurius
1015 1247 1089 1298 fert?

204 1362 300 1423 Serm.
319 1365 365 1435 Π,
382 1366 413 1435 4,
431 1365 527 1421 {tl-82

335 1495 447 1549 vilibus
459 1497 490 1547 in
503 1496 610 1562 scopis,
624 1497 655 1548 in
669 1496 795 1563 mappis,
809 1497 840 1547 in
854 1496 940 1548 scobe
953 1502 1082 1563 quantus

335 1579 473 1632 consistit
485 1581 641 1645 sumptus?
676 1578 828 1641 Neclectis,
842 1579 989 1646 flagitium
1002 1579 1119 1646 ingens.

202 1715 300 1789 Epist.
314 1715 359 1785 ΙΙ,
378 1716 408 1784 2,
428 1714 563 1772 133-134

635 1817 736 1879 posset
748 1812 799 1880 qui
811 1812 965 1879 ignoscere
979 1811 1073 1865 servis

335 1902 365 1949 et
374 1895 460 1961 signo
472 1896 549 1948 laeso
561 1911 621 1947 non
634 1895 766 1948 insanire
778 1897 930 1962 lagoenae,

245 2030 338 2107 Signo
354 2031 429 2088 laeso
446 2050 517 2108 may
528 2032 564 2087 be
579 2030 668 2088 taken
684 2050 717 2088 aa
733 2030 913 2089 conditional
928 2050 962 2088 or
976 2031 1089 2087 causal.

203 2265 290 2342 138).
336 2266 418 2341 Very
434 2264 512 2321 often
529 2284 547 2321 a
565 2264 719 2340 participle
735 2266 788 2322 has
803 2284 822 2322 a
836 2264 1017 2323 conditional
1035 2263 1125 2321 force.

241 2382 282 2439 A.
328 2383 454 2440 Prosent
468 2382 640 2458 Participle.

201 2531 259 2592 Od.
278 2533 340 2602 111,
359 2533 389 2602 3,
404 2533 498 2589 61-62

334 2663 437 2715 Troiae
449 2680 601 2716 renascens
612 2663 683 2715 alite
697 2663 817 2730 lugubri

332 2749 464 2799 Fortuna
476 2747 555 2799 tristi
568 2748 652 2799 clade
664 2746 830 2808 iterabitur,

200 2881 258 2940 Od.
273 2882 335 2951 111,
355 2883 406 2950 29,
424 2882 518 2938 53-54

333 3013 434 3070 Laudo
447 3015 627 3075 manentem
642 3013 668 3065 si
680 3014 786 3066 celeris
799 3013 896 3081 quatit

333 3097 451 3158 Pinnas,
466 3097 585 3164 resigno
593 3133 780 3146 ............

201 3232 297 3292 Serm.
315 3232 343 3302 I,
363 3232 448 3300 10‚5

332 3350 393 3399 Nec
404 3352 503 3398 tamen
516 3348 574 3398 hoc
585 3345 714 3398 tribuens
726 3346 860 3398 dederim
873 3364 989 3417 quoque
1002 3353 1115 3400 cetera:

200 3466 297 3542 Epist.
315 3466 342 3523 I.
362 3467 412 3535 18,
432 3466 527 3521 91-92

333 3583 467 3647 [potores
479 3579 575 3631 bibuli
588 3579 686 3631 media
697 3580 735 3632 de
747 3586 835 3632 nocte
847 3581 982 3644 Falerni]

331 3664 460 3715 oderunt
472 3668 607 3730 porrecta
619 3664 773 3728 negantem
787 3665 905 3730 pocula,

199 3783 240 3840 A.
258 3783 294 3841 P.
310 3782 404 3839 26:27

594 3863 748 3915 sectantem
760 3862 839 3915 levia
851 3862 935 3916 nervi

331 3944 474 3997 deficiunt
484 3943 634 4012 animique
644 3960 650 4007 ;

240 4066 277 4122 B.
323 4061 442 4121 Perfect
455 4061 627 4136 Participle.

199 4198 257 4257 Od.
271 4198 335 4269 ΙΙΙ,
352 4196 383 4266 5,
401 4196 495 4252 25-26

331 4332 411 4379 Auro
421 4332 555 4393 repensus
567 4326 684 4378 scilicet
694 4326 790 4379 acrior

333 4411 423 4463 Miles
435 4410 552 4462 redibit.
