3194 5250
136 577 231 650 spru.
252 577 278 644 1,
297 576 326 643 7,
346 575 440 631 34-36

266 693 329 741 Hac
340 706 395 756 ego
408 689 432 740 si
445 690 611 755 compellor
624 688 762 755 imagine,
778 695 883 739 cuncta
896 689 1030 755 resigno;

268 789 322 825 nec
334 788 470 823 somnum
483 772 579 837 plebis
591 772 681 823 laudo
694 778 776 824 satur
788 771 920 823 altilium
933 788 987 823 nec

267 856 328 908 otia
339 855 453 907 divitiis
466 855 595 906 Arabum
607 855 759 907 liberrima
771 861 864 905 muto.

240 976 291 1046 b).
337 974 430 1032 Third
446 975 559 1031 Person
577 973 728 1048 Singulur.

136 1094 193 1152 Od.
212 1092 257 1160 ΙΙ,
279 1093 327 1154 Π,
345 1092 398 1147 5-8

269 1210 292 1257 A
305 1207 310 1257 !
330 1211 360 1257 te
373 1221 453 1256 meae
467 1205 491 1256 si
505 1211 618 1270 partem
630 1205 746 1257 animae
761 1207 839 1272 rapit

270 1289 415 1340 Maturior
427 1288 481 1348 vis,
496 1288 567 1356 qnid
581 1304 680 1339 moror
691 1290 793 1349 altera,

302 1376 363 1424 Nec
376 1388 460 1423 carus
473 1388 563 1439 aeque
577 1387 630 1423 nec
643 1378 793 1438 superstes

337 1456 474 1522 Integer?

143 1575 208 1645 ll).
257 1574 405 1648 Apodosis
422 1574 451 1630 iu
468 1573 515 1630 the
532 1573 649 1630 Perfect
665 1573 841 1631 indicative.

245 1677 271 1728 l.
319 1676 347 1730 A
363 1685 438 1730 state
454 1693 488 1729 or
503 1673 663 1736 condition,
682 1673 820 1730 assumed
836 1691 868 1729 us
892 1673 1022 1747 existing
1039 1673 1068 1728 in
1090 1673 1139 1729 the
1156 1683 1283 1746 present,
1310 1674 1334 1729 is

87 1836 92 1848 ⁸
139 1773 325 1846 represented
340 1792 373 1830 as
389 1774 438 1830 tlte
454 1774 544 1829 result
560 1771 595 1828 ef
614 1774 710 1830 action
727 1773 895 1848 performed
911 1773 940 1829 in
958 1775 1006 1830 tlre
1023 1784 1097 1848 pust.

182 1874 222 1929 A.
245 1873 377 1930 Protesis
394 1873 565 1930 introduced
582 1873 669 1950 byei.

244 1972 289 2049 u).
337 1973 417 2030 Fir-st
432 1974 543 2030 Person
561 1971 714 2048 Singular.

142 2089 238 2147 Serui.
257 2090 285 2156 1,
303 2090 332 2157 6,
352 2090 443 2146 69-71

738 2203 830 2253 purus
842 2194 872 2240 et
884 2189 997 2248 insons,

274 2276 307 2321 ut
319 2286 366 2322 me
379 2257 565 2326 conlaudeni.
580 2271 605 2321 si
618 2277 648 2322 et
661 2270 728 2322 vivo
740 2287 825 2322 carus
837 2271 954 2322 amicis:

275 2370 362 2405 causa
375 2353 433 2405 ruit
445 2359 530 2420 pater
542 2353 599 2415 his,

249 2473 298 2544 b).
343 2471 457 2530 Second
473 2472 585 2528 Person
603 2470 754 2545 Singulur.

142 2609 236 2682 nprsr.
255 2606 301 2673 11,
320 2607 350 2670 r,
367 2605 463 2661 23:24

275 2720 353 2785 Quid
366 2726 431 2771 tum
444 2719 566 2786 profeci,
581 2736 696 2771 mecum
711 2719 848 2771 facientia
859 2720 924 2771 iura

272 2805 297 2855 si
310 2809 408 2855 tamen
421 2802 606 2869 adtemptas?

246 2924 292 2998 e).
339 2921 434 2979 Third
449 2923 561 2979 Person
579 2921 731 2996 Singular.

143 3058 240 3117 Serm.
258 3059 286 3126 l,
305 3058 335 3125 6,
354 3057 443 3113 65-71

275 3171 366 3239 Atqui
379 3171 405 3222 si
417 3170 498 3222 vitiis
511 3169 709 3221 mediocribus
721 3186 754 3221 ac
767 3185 831 3220 mea
844 3170 945 3235 paucis

274 3254 444 3306 mendosast
456 3259 570 3311 natura.
584 3252 696 3321 alioqui
709 3258 787 3304 recta
792 3291 910 3311 ......

275 3355 362 3390 causa
375 3337 433 3388 ruit
445 3342 528 3403 pater
542 3336 598 3396 his,

248 3460 277 3513 2.
323 3457 387 3514 'l'he
403 3455 519 3513 Perfeet
535 3454 569 3510 of
586 3475 604 3510 a
619 3455 796 3512 Preteritive
812 3455 892 3511 Verb
909 3456 1009 3512 stands
1026 3456 1054 3511 in
1072 3455 1119 3511 the
1136 3455 1295 3530 Apodosis.

185 3563 225 3615 A.
252 3557 385 3615 Prouisis
401 3555 573 3613 introduced
589 3556 628 3630 by
643 3553 677 3609 si.

248 3657 293 3734 a).
339 3656 432 3713 Third
449 3656 559 3712 Person
578 3654 727 3728 Singular.

145 3759 239 3834 Epist.
261 3759 287 3823 Ι,
308 3757 356 3823 10,
377 3757 470 3811 12-14

199 3912 207 3929 .
276 3872 382 3925 Vivere
396 3878 518 3922 naturae
531 3869 557 3920 si
569 3870 781 3921 convenienter
793 3877 919 3936 oportet,

276 3954 487 4022 ponendaeque
500 3953 588 4004 domo
599 3952 765 4019 quaerenda
777 3958 823 4003 est
835 3969 901 4004 area
914 3953 1052 4019 primum,

278 4038 425 4090 novistine
439 4039 538 4088 locum
551 4036 697 4101 potiorem
710 4052 777 4087 rure
789 4035 895 4088 beato?

150 4128 238 4231 12).¹
266 4156 415 4231 Apodosis
432 4156 459 4211 iu
478 4154 525 4211 the
542 4154 654 4210 Future
671 4154 847 4210 Indieutive.

191 4258 265 4316 'ruis
281 4255 479 4313 combinatiou
497 4254 522 4310 is
535 4273 606 4329 very
622 4272 758 4310 conunon
773 4255 800 4309 in
818 4255 1009 4312 Plautusand
1024 4255 1167 4323 Terence,
1186 4259 1343 4333 oecurring

148 4360 232 4415 nrueh
256 4376 336 4413 more
361 4355 525 4430 frequently
548 4355 618 4410 tiron
642 4355 666 4408 si
689 4353 759 4410 with
784 4355 956 4421 Fut-Fut,
981 4356 1029 4412 the
1053 4356 1222 4429 proportien
1254 4359 1342 4434 being

147 4461 236 4517 abent
253 4461 302 4513 2-1
323 4454 368 4512 for
382 4456 431 4513 the
448 4454 568 4523 souuer,
586 4455 644 4510 aud
661 4456 711 4510 3·1
731 4454 777 4510 sor
799 4455 847 4511 the
865 4456 961 4512 letter.
