3194 5250
880 440 920 496 50

296 642 328 679 so
345 623 408 681 t-bat
423 623 471 680 tlre
484 624 606 681 Preseut
623 622 831 699 subjunctive,
850 623 962 679 Future
985 623 1163 686 Indicutive,
1181 624 1239 680 ulid
1256 626 1383 682 Present
1399 625 1498 682 Iudic-
1529 650 1533 659 ⁶

296 723 375 781 ative
392 722 487 797 might
502 723 595 799 easily
611 725 646 779 be
663 722 885 797 iutercbnuged.

338 841 378 896 A.
403 839 537 897 protasis
553 839 725 896 introduced
742 841 778 914 by
795 838 828 896 si.

381 962 431 1027 u).
476 956 570 1013 Third
586 957 698 1013 Person
716 956 868 1029 singular.

297 1139 354 1199 Od.
373 1140 436 1206 ΙΙΙ,
455 1142 486 1208 3,
505 1141 557 1197 tu

430 1272 462 1325 Si
476 1275 587 1324 tractus
599 1272 749 1323 inlabatur
761 1272 850 1332 orbis,

465 1357 643 1423 Inpavidum
657 1357 765 1407 ferient
777 1356 886 1408 ruinae.

297 1526 393 1600 upon.
415 1529 464 1594 ιι,
485 1527 577 1582 15-18

432 1658 556 1723 ‘Quodsi
569 1657 643 1710 meis
655 1657 803 1710 inaestuet
815 1658 995 1725 praecordiis

464 1742 556 1794 libers
568 1741 647 1802 bilis,
662 1748 696 1793 ut
708 1744 780 1793 haec
792 1742 908 1808 ingrata
921 1743 1018 1795 ventis
1030 1742 1146 1794 dividat

431 1827 561 1878 fomenta
573 1829 683 1878 volnus
695 1827 739 1877 nil
753 1828 866 1877 malum
880 1826 1024 1887 levantia;

463 1910 579 1962 desinet
590 1909 754 1976 imparibus
767 1916 878 1961 certare
891 1915 1058 1961 summotus
1070 1909 1186 1975 pudor.¹

405 2065 434 2119 2.
480 2064 545 2120 Tlre
568 2061 681 2138 subject
696 2062 730 2119 os
748 2063 796 2119 the
813 2063 945 2120 Protusis
962 2063 986 2119 is
1008 2063 1057 2119 tlte
1074 2062 1223 2118 indefinite
1239 2062 1314 2138 quis,
1332 2064 1381 2121 the
1397 2067 1495 2121 condi-

297 2165 357 2222 tion
382 2163 526 2237 referring
541 2174 593 2220 not
608 2175 636 2219 to
652 2182 670 2218 a
685 2163 846 2236 particular
861 2183 978 2238 person,
996 2164 1049 2221 but
1063 2163 1183 2238 general
1199 2163 1227 2218 iu
1243 2164 1408 2221 clrurnrter.

335 2284 379 2340 A.
401 2285 534 2342 Protusis
549 2285 720 2343 introduced
736 2287 775 2362 by
789 2283 824 2341 si.

295 2469 335 2524 A.
354 2469 389 2525 P.
404 2469 541 2525 tor-464

428 2600 459 2653 Si
472 2606 556 2652 curet
567 2601 634 2667 quis
647 2616 735 2667 opem
748 2601 824 2653 ferre
836 2608 866 2653 et
878 2600 1035 2653 demittere
1050 2602 1161 2661 funem,

429 2685 491 2752 ‘qui
503 2684 570 2745 scis,
584 2700 622 2735 an
635 2685 766 2750 prudens
778 2687 837 2736 huc
851 2701 881 2736 se
894 2684 1035 2737 deiecerit
1047 2691 1135 2753 atque

428 2767 537 2820 servari
550 2768 654 2820 nolit?'
675 2769 781 2829 dicam,
795 2767 948 2835 Siculique
962 2774 1065 2834 poetae

427 2851 551 2902 narrabo
563 2852 728 2903 interitum.

400 2987 430 3043 3.
476 2987 506 3043 A
520 2988 592 3044 verb
607 2986 642 3044 of
653 2987 757 3063 ability
773 2987 801 3043 in
819 2987 868 3044 the
884 2988 1043 3062 Apodosis.

277 3141 280 3145 .
336 3088 377 3144 A.
402 3085 454 3144 Ni.

398 3193 446 3261 u).
492 3188 572 3245 rust
586 3189 697 3245 Person
716 3187 867 3262 Singular.

293 3371 390 3445 Epist.
409 3372 455 3440 11,
473 3373 503 3438 n,
521 3373 615 3428 ,Μ

742 3489 794 3539 sed
807 3487 886 3555 quod
899 3503 957 3538 non
972 3487 1049 3539 desit
1062 3487 1221 3539 habentem

423 3587 497 3637 quae
510 3577 652 3637 poterunt
664 3587 804 3638 umquam
817 3572 889 3623 satis
903 3586 1068 3636 expurgare
1081 3570 1204 3631 cicutae,

425 3654 456 3706 ni
469 3654 576 3705 melius
589 3654 719 3706 dormire
732 3662 834 3721 putem
848 3671 935 3722 quam
948 3654 1075 3706 scribere
1089 3655 1209 3707 versus?

395 3807 426 3862 4.
475 3804 512 3863 Si
527 3807 579 3863 hus
595 3808 643 3864 tbe
660 3806 739 3864 force
754 3806 789 3864 of
800 3806 920 3864 ctiontsi.

332 3923 372 3978 A.
400 3923 532 3980 Protusis
549 3923 720 3981 introduced
736 3927 774 3999 by
790 3923 824 3980 si.

394 4044 444 4114 a).
490 4041 584 4098 Third
600 4043 711 4099 Person
727 4042 840 4100 Plurul.

291 4221 387 4281 Serm.
402 4225 428 4291 Ι,
449 4225 477 4294 6,
495 4225 589 4281 42-44

805 4345 844 4393 At
856 4342 915 4402 hic,
930 4341 955 4393 si
968 4343 1082 4409 plostra
1093 4342 1223 4394 ducenta

421 4429 656 4492 concurrantque
671 4426 735 4479 toro
752 4425 809 4477 tria
823 4427 926 4477 lunera
939 4442 1053 4493 magna,
1069 4425 1185 4478 sonabit

423 4523 533 4559 cornua
546 4508 624 4574 quod
638 4508 794 4578 vincatque
807 4510 908 4561 tubas:
