3194 5250
206 538 242 596 B.
268 536 326 597 Od.
345 539 389 607 11,
411 540 459 607 14,
478 540 529 594 2-7

568 669 622 704 nec
634 653 731 719 pietas
743 668 856 704 moram

338 737 433 804 Rugis
444 744 475 788 et
485 736 613 788 instanti
627 743 763 788 senectae

369 822 480 872 Afferct
490 820 713 887 indomitaeque
723 818 814 870 morti
823 835 829 880 ;

336 907 414 964 Non,
427 905 454 955 si
465 905 594 955 trecenis
605 910 753 971 quotquot
763 909 838 954 eunt
848 902 923 962 dies,

335 988 447 1047 Amice,
461 989 562 1053 places
574 987 825 1038 inlacrimabilem

370 1072 498 1122 Plutona
509 1071 613 1130 tauris,

204 1205 301 1263 Serm.
327 1207 373 1275 11,
390 1207 421 1275 3,
439 1208 498 1263 264

336 1339 492 1392 Exclusit:
507 1346 634 1391 revocat
648 1338 785 1389 redeam?
820 1341 898 1399 Non,
911 1339 938 1390 ai
949 1338 1104 1390 obsecret'

206 1575 293 1650 lll).
339 1576 389 1650 8).
439 1576 474 1631 [n
490 1585 594 1652 poetry
609 1595 627 1632 a
642 1574 718 1631 wiah
739 1573 911 1631 sometimes
932 1573 1017 1632 takes
1039 1574 1089 1632 the
1111 1572 1189 1630 form
1211 1573 1247 1631 os
1264 1594 1282 1630 a
1303 1573 1393 1631 condi·

201 1676 296 1734 tioual
311 1675 446 1733 Protasis
461 1675 534 1732 with
549 1675 574 1730 ai
587 1695 622 1731 or
640 1672 715 1731 osi.
761 1674 873 1730 Whene
892 1672 958 1732 Oia
979 1675 1065 1744 used,
1087 1675 1138 1732 the
1160 1674 1312 1750 Apodosis
1332 1693 1394 1750 may

201 1777 238 1834 be
252 1776 425 1832 considered
440 1795 474 1832 as
490 1776 612 1850 implied
627 1776 656 1832 in
673 1775 723 1834 the
738 1775 861 1851 particle
876 1773 966 1833 itself.

202 1926 300 1986 serm.
326 1927 370 1997 11,
390 1927 420 1996 6,
438 1928 514 1983 8·10

333 2059 360 2110 si
371 2075 496 2112 veneror
508 2061 620 2111 stultus
632 2059 711 2111 nihil
722 2061 843 2111 horum:
865 2063 894 2111 ‘o
905 2059 931 2111 si
942 2059 1072 2126 angulus
1083 2058 1138 2110 ille

335 2143 491 2209 proximus
501 2144 633 2204 accedat,
646 2143 698 2211 qui
710 2160 790 2194 nunc
802 2143 959 2195 denormat
968 2142 1118 2210 agellum!

334 2242 353 2277 o
365 2226 391 2277 si
400 2242 505 2278 urnam
516 2228 633 2292 argenti
646 2228 707 2279 iors
718 2243 793 2295 quae
806 2226 881 2277 mihi
894 2231 1050 2287 monstret,

506 2510 550 2580 C.
595 2511 839 2581 Parenthetic
859 2509 1095 2580 conditione

203 2743 295 2815 112).
340 2741 371 2798 4.
414 2743 443 2798 Α
458 2738 651 2799 Conditional
665 2740 810 2807 Protasis,
828 2739 1001 2798 introduced
1023 2741 1063 2816 by
1083 2739 1110 2796 si
1131 2759 1166 2797 or
1186 2739 1257 2812 nisi,
1275 2741 1299 2799 is
1320 2739 1392 2798 osten

201 2842 274 2898 used
289 2841 533 2915 parenthetically
548 2841 620 2898 with
636 2840 779 2897 omission
793 2839 829 2897 of
839 2840 877 2898 its
888 2858 995 2916 proper
1008 2839 1170 2915 Apodosis.

204 3059 294 3133 113).
341 3063 389 3132 1).
431 3058 747 3117 Presentlndicative.

244 3159 285 3215 A.
333 3156 381 3217 si.

305 3263 355 3331 a).
401 3260 483 3316 First
496 3260 608 3317 Persou
626 3256 777 3332 Singular.

201 3389 259 3450 Od.
274 3393 331 3462 IV,
349 3394 380 3462 3,
399 3393 438 3449 24

334 3525 421 3589 Quod
433 3525 515 3592 spiro
529 3531 560 3577 et
572 3527 685 3591 placeo,
699 3524 725 3576 si
737 3524 851 3591 placeo,
864 3531 951 3576 tuum
962 3531 1018 3576 est.

306 3645 358 3718 b).
404 3642 518 3702 Second
533 3645 646 3702 Person
663 3643 815 3715 Singular.

200 3775 259 3836 Od.
278 3779 340 3846 111,
358 3779 409 3846 27,
427 3779 523 3834 50-52

762 3861 787 3912 Ο
800 3859 925 3912 deorum

332 3942 432 4010 Siquis
445 3943 518 3994 haec
529 3943 624 4003 audis,
638 3943 754 3994 utinam
766 3943 846 3994 inter
856 3958 952 3994 errem

365 4026 454 4077 Nuda
466 4025 581 4078 leones!

199 4143 294 4218 Epod.
314 4144 344 4213 6,
362 4145 416 4200 3-4

330 4275 410 4340 Quin
422 4277 482 4327 huc
493 4276 600 4338 inania,
615 4277 641 4327 si
653 4283 748 4343 potes,
760 4277 852 4330 vertis
870 4276 966 4329 minas

365 4361 404 4413 Et
416 4375 462 4411 me
475 4376 677 4411 remorsurum
689 4361 787 4427 petis?
