3194 5250
105 653 204 712 Serm.
219 654 265 722 ΙΙ,
285 657 313 721 1,
332 654 371 710 20

234 769 282 821 cui
293 771 370 821 malo
382 768 407 820 si
421 770 552 836 palpere,
568 769 736 822 recalcitrat
749 768 880 836 undique
893 776 987 822 tutus.

207 905 257 978 b).
303 903 398 961 Third
414 904 526 960 Person
545 901 698 978 Singulnr.

102 1019 159 1079 0d.
176 1021 237 1087 111,
257 1022 308 1090 29,
326 1022 420 1077 57-59

236 1140 302 1188 Non
314 1143 360 1188 est
372 1152 481 1197 meum,
496 1135 522 1187 si
535 1135 649 1203 mugiat
661 1135 770 1188 Africis

237 1221 335 1271 Malus
348 1219 499 1286 procellis,
512 1219 550 1270 ad
563 1220 686 1271 miseras
699 1236 801 1286 preces

269 1308 431 1354 Decurrere
444 1309 475 1354 et
487 1303 566 1355 votis
580 1302 699 1370 pacisci,

103 1423 199 1496 Epist.
217 1422 244 1492 l,
265 1423 314 1491 16,
332 1422 427 1478 46·47

236 1540 308 1588 ‘Nec
322 1538 435 1588 lurtum
449 1535 505 1587 leci
517 1551 572 1588 nec
585 1536 657 1602 fugi’
672 1536 697 1587 si
710 1536 785 1588 mihi
798 1537 879 1590 dicat

233 1635 349 1672 servos:
388 1619 489 1671 ‘habes
501 1618 640 1685 pretium,
656 1620 729 1671 loris
741 1636 801 1672 non
814 1621 918 1673 ureris¹
940 1622 997 1674 aio.

207 1757 237 1812 2.
283 1757 312 1813 A
328 1757 449 1812 verbor
470 1754 642 1829 expression
658 1754 693 1811 ol‘
710 1755 793 1832 duty,
811 1756 986 1832 obligation,
1004 1777 1038 1816 or
1053 1761 1103 1817 the
1126 1760 1185 1818 like
1202 1762 1230 1819 in
1248 1763 1297 1821 the

101 1855 264 1930 Apodosis.

143 1958 183 2014 A.
206 1955 340 2014 Protesis
356 1955 529 2013 introduced
545 1956 584 2030 by
597 1953 631 2012 si.

205 2060 255 2130 a).
298 2055 415 2114 Second
430 2057 543 2113 Person
561 2053 714 2130 Singulae.

102 2191 200 2250 Serrn.
219 2191 246 2258 Ι,
265 2191 296 2261 3,
316 2191 452 2259 111-112

235 2309 303 2358 Iura
314 2306 437 2357 inventa
449 2311 530 2356 metu
543 2304 648 2356 iniusti
662 2305 771 2357 fateare
783 2321 904 2359 neeesse
917 2315 973 2370 est,

233 2396 368 2456 tempora
380 2389 405 2440 si
419 2390 568 2456 fastosque
581 2388 658 2441 velis
667 2389 805 2440 evolvere
819 2391 932 2442 mundi.

205 2509 255 2580 b).
301 2506 396 2565 Third
412 2507 524 2564 Person
539 2505 692 2582 Singular.

103 2640 200 2700 Serm.
219 2642 246 2712 I,
264 2642 295 2711 3,
313 2641 409 2698 43-44

235 2760 277 2808 Ac
289 2763 373 2823 pater
385 2761 419 2807 ut
430 2755 524 2822 gnati,
535 2755 578 2807 sic
590 2771 645 2807 nos
656 2756 809 2818 debemus,
823 2757 913 2810 amici

235 2840 341 2908 siquod
354 2839 394 2891 eit
406 2839 522 2900 vitium,
534 2855 594 2890 non
614 2839 747 2891 fastidire
759 2855 765 2890 :

206 2959 236 3015 3.
284 2956 418 3016 simodo
442 2957 471 3014 in
486 2958 535 3015 the
557 2959 691 3016 Proursis
714 2959 785 3016 with
801 2960 850 3017 the
873 2959 952 3018 force
968 2963 997 3018 ol
1021 2961 1187 3034 dnmmodo,
1206 2968 1298 3026 iutro·

100 3059 210 3134 dncing
224 3079 242 3116 a
258 3058 388 3133 proviso.

204 3160 254 3234 a).
302 3158 416 3217 Second
432 3159 544 3216 Person
561 3157 713 3233 Singular.

101 3294 199 3352 Serm.
217 3294 245 3363 Ι,
263 3294 294 3361 2,
313 3293 407 3350 73-76

234 3411 272 3459 At
283 3413 395 3475 quanto
407 3407 531 3458 meliora
544 3414 645 3459 monet
662 3408 883 3476 pugnantiaque
897 3409 963 3462 istis

233 3491 317 3543 dives
329 3489 395 3556 opis
408 3495 514 3542 natura
527 3506 606 3550 suae,
620 3497 654 3542 tu
667 3491 692 3541 si
705 3491 793 3542 modo
807 3499 885 3544 recte

233 3575 405 3641 dispensare
417 3575 493 3626 velis
505 3590 539 3626 ac
551 3590 610 3626 non
623 3574 764 3640 fugienda
777 3577 914 3641 petendis

231 3658 399 3711 inmiscere.

182 3779 233 3851 b).
278 3777 373 3835 Third
389 3777 501 3834 Persou
519 3775 670 3851 singular.

98 3878 196 3954 Epist.
212 3878 240 3947 Ι,
259 3880 289 3946 1,
306 3877 402 3934 39-40

233 4008 321 4044 nemo
333 3991 406 4044 adeo
420 3991 500 4042 ferus
512 3996 566 4051 est,
581 3997 686 4042 utnon
700 3991 855 4044 mitescere
868 3994 973 4060 possit.

232 4075 258 4128 si
270 4075 359 4126 modo
371 4075 506 4126 culturae
518 4073 681 4140 patientem
694 4077 862 4128 commodet
874 4093 984 4130 aurem.

98 4299 171 4366 32).
217 4293 368 4368 Apodosis
380 4292 409 4348 in
422 4293 471 4349 the
486 4293 511 4349 F
514 4301 599 4350 utura
615 4292 794 4351 Iudicative.

206 4399 234 4452 l.
279 4393 344 4451 'The
367 4391 561 4468 Snbjunctive
584 4392 608 4449 is
624 4393 680 4449 due
703 4403 732 4450 to
755 4394 804 4451 the
826 4396 904 4453 close
927 4397 1121 4474 relationship
1136 4402 1296 4483 originally

98 4495 230 4569 existing
251 4495 382 4551 between
406 4493 455 4550 the
470 4493 595 4550 Prosent
617 4491 812 4568 Subjnnctivo
834 4495 893 4552 and
908 4495 957 4553 tho
979 4497 1005 4554 F
1007 4510 1092 4557 uture
1115 4500 1293 4576 indicative,

696 4611 712 4667 7
