3194 5250
198 576 297 651 Epist
318 578 347 644 1,
368 580 394 645 1,
413 575 510 632 87·88

724 692 832 744 Lectus
843 691 971 756 genialis
979 691 1012 742 in
1025 693 1094 742 aula
1106 697 1167 743 est:

335 775 379 826 nil
391 774 433 826 ait
445 789 508 824 esse
522 772 615 839 prius,
629 772 738 823 melius
751 773 796 824 nil
808 774 921 826 caelibe
935 775 996 826 vita
1007 791 1012 836 ;

199 911 298 985 Epist.
315 912 341 979 1,
361 912 390 974 2,
410 909 505 966 32-33

337 1045 377 1094 Ut
388 1042 528 1108 iugulent
539 1040 702 1101 homiuem,
717 1047 845 1107 surgunt
855 1042 893 1093 de
905 1047 993 1093 noete
1008 1044 1156 1094 latrones:

336 1131 369 1177 ut
382 1132 411 1177 te
422 1125 523 1191 ipsum
536 1139 645 1184 serves,
659 1139 719 1174 uon
732 1124 967 1190 expergisceris?

202 1261 298 1339 spise.
319 1261 346 1330 1,
368 1261 418 1329 16,
436 1261 475 1316 35

335 1397 437 1454 ‘Pone,
451 1407 552 1443 meum
563 1395 617 1443 est’
631 1391 746 1459 iuquit:
773 1407 852 1458 pono
864 1392 1017 1460 tristisque
1031 1393 1144 1445 recede.

201 1548 298 1622 Epist.
318 1547 363 1615 11,
382 1548 412 1615 2,
431 1545 527 1602 77-80

335 1677 515 1744 scriptorum
528 1678 637 1728 chorus
649 1676 747 1728 omnis
759 1684 838 1729 amat
850 1693 955 1729 nemus
964 1684 995 1730 et
1008 1679 1087 1745 fugit
1099 1680 1211 1741 urbem,

336 1761 391 1812 rite
404 1761 498 1813 cliens
511 1760 618 1811 Bacchi
631 1776 735 1811 somno
747 1761 906 1826 gaudentis
915 1767 948 1813 et
961 1762 1079 1815 umbra:

334 1851 368 1896 tu
381 1861 428 1895 me
440 1844 519 1895 iuter
530 1844 674 1909 strepitus
686 1849 848 1912 nocturnos
859 1850 948 1912 atque
961 1845 1086 1898 diurnos

335 1927 381 1979 vis
392 1943 497 1979 cauere
509 1933 539 1978 et
551 1933 702 1978 contracta
714 1927 798 1994 sequi
810 1928 935 1994 vestigia
947 1930 1069 1981 vatum?

202 2084 243 2138 A.
261 2082 297 2138 Ρ.
318 2080 377 2137 329

801 2194 892 2247 Redit
904 2196 1001 2257 uncie,
1015 2197 1087 2264 quid
1099 2199 1134 2249 fit
1143 2199 1168 2250 ?‘

206 2350 297 2420 149),
343 2348 1000 2407 PresentIndiontive-—FutureIndioative.
1045 2426 1047 2430 μ

245 2470 295 2540 a).
341 2465 436 2522 Third
451 2466 576 2522 Person.

200 2600 300 2660 Serm.
319 2600 364 2668 11,
383 2600 412 2666 2,
433 2599 526 2654 16-18

668 2714 752 2766 Foris
765 2721 810 2766 est
822 2731 953 2781 promus,
969 2721 999 2767 et
1010 2722 1109 2768 atrum

334 2797 497 2848 defendens
510 2796 601 2862 piscis
613 2797 726 2848 hiemat
739 2814 837 2849 mare:
863 2815 931 2850 cum
944 2801 1006 2850 sale
1019 2800 1105 2866 panis

337 2883 496 2932 latrantem
509 2881 696 2932 stomachum
709 2882 784 2933 bene
797 2881 900 2934 leniet.

202 3033 300 3108 Epist.
318 3033 346 3101 1,
366 3036 396 3101 1,
414 3033 507 3089 57-59

335 3168 391 3220 Est
402 3164 520 3216 animus
531 3164 596 3225 tibi,
611 3172 682 3217 sunt
694 3182 790 3218 mores
802 3173 832 3218 et
843 3167 947 3234 lingua
958 3167 1100 3235 fidesque,

334 3249 386 3300 sed
399 3248 625 3315 quadringentis
638 3265 690 3300 sex
703 3255 817 3316 septem
830 3249 914 3302 milia
925 3251 1052 3303 desunt:

336 3331 421 3398 plebs
433 3332 501 3383 eris.

205 3468 292 3546 150).
337 3467 882 3542 PresentItidioative—Imperative.

245 3588 295 3660 a).
341 3585 436 3642 Third
450 3586 575 3642 Person.

203 3721 301 3779 eorm.
319 3720 364 3789 11,
382 3721 413 3789 5,
432 3719 526 3775 96-97

337 3854 532 3916 Importuuus
544 3856 624 3902 amat
637 3849 751 3901 laudari
763 3866 769 3901 :
795 3851 889 3903 donec
903 3853 977 3903 ‘ohe
989 3851 1068 3904 iam!'

337 3935 374 3986 ad
387 3936 503 3986 caelum
515 3934 652 3985 manibus
664 3933 790 3985 sublatis
802 3933 922 3996 dixerit,
937 3951 1027 4002 urge:

246 4071 291 4149 b).
339 4070 455 4129 Second
470 4071 595 4127 Person.

204 4204 302 4280 Epist.
321 4205 349 4274 Ι,
368 4205 397 4274 o,
415 4204 510 4261 31-32

669 4318 818 4370 Virtutem
831 4318 919 4372 verba
932 4326 1019 4386 putas
1031 4326 1062 4372 et

205 4419 308 4470 lucum
321 4403 403 4469 ligna
414 4419 420 4454 ε
446 4419 516 4456 cave
529 4419 566 4454 ne
579 4408 684 4468 portus
696 4408 821 4468 occupet
832 4404 917 4464 alter,
