3194 5250
878 405 917 461 64

351 605 471 664 Peream
485 606 510 663 is
525 604 675 680 Apodosis
690 613 719 663 to
735 604 784 662 the
799 614 859 663 rest
873 604 909 662 of
926 605 975 663 the
991 616 1145 679 sentence3
1171 608 1220 666 the
1236 619 1301 667 true
1315 611 1453 670 Protesis
1475 622 1506 670 to

304 707 441 786 optimum
456 713 527 775 eret,
545 705 565 761 i.
576 724 603 762 e.
629 704 654 761 si
668 703 844 781 quievissem,
862 705 887 761 is
903 705 1037 764 omitted.

345 806 380 866 C.
405 805 459 863 Ni.

305 942 402 1003 Serm.
417 942 446 1010 Ι,
463 942 494 1009 9,
511 940 607 997 47·48

768 1037 944 1105 dispeream,
957 1039 990 1091 ni

441 1138 621 1176 summosses
632 1119 750 1173 omnis.’

344 1244 410 1302 The
425 1261 506 1300 seme
528 1242 728 1318 construction
744 1261 777 1299 as
799 1242 830 1298 in
846 1243 895 1300 the
917 1243 1073 1317 preceding
1097 1244 1244 1318 example.
1290 1245 1355 1302 The
1370 1246 1506 1305 Protesis

303 1354 334 1403 to
348 1362 523 1412 summosses,
541 1343 562 1399 i.
575 1361 603 1398 e.
627 1339 652 1398 si
665 1361 710 1399 me
723 1340 892 1399 tradidisses
908 1342 933 1400 is
949 1353 1001 1401 not
1015 1344 1186 1418 expressed.

305 1445 345 1502 48
368 1445 419 1521 b).
462 1443 610 1517 Apodosis
626 1441 746 1517 implied
762 1442 792 1499 in
803 1442 847 1499 vel
860 1441 974 1500 merito.

347 1549 388 1603 A.
415 1542 453 1602 Si
466 1563 537 1601 non.

305 1695 401 1755 Serm.
419 1696 449 1764 Ι,
466 1696 496 1766 6,
516 1696 622 1765 19-22,
638 1693 677 1752 cf.
697 1695 712 1762 ἕ
736 1693 811 1765 166,
830 1694 856 1751 b.

615 1983 652 2033 11.
687 1980 748 2032 The
765 1981 901 2046 Apodosis
918 1998 936 2034 s
952 1981 1093 2045 Complex
1114 1981 1192 2034 Ides.

305 2166 378 2240 49).
422 2165 547 2222 Present
560 2163 726 2222 Indicative
742 2164 771 2221 in
787 2165 836 2222 the
851 2164 1000 2222 Protssis.

346 2267 386 2322 Α.
411 2262 458 2322 Si.

305 2416 402 2476 Serm.
419 2416 465 2486 ΙΙ,
483 2417 514 2485 2,
531 2415 606 2472 9·13

747 2518 892 2581 Leporem
902 2520 1032 2567 sectatus
1043 2531 1157 2582 equove

434 2599 531 2652 lassus
542 2598 578 2650 ab
590 2597 738 2650 indomito
751 2600 810 2661 vel,
824 2598 850 2649 si
863 2602 996 2650 Romana
1010 2598 1116 2666 fatigat

436 2681 544 2734 militia
556 2682 713 2735 adsuetum
724 2681 864 2749 graecari,
879 2697 931 2733 seu
944 2681 1006 2748 pila
1019 2684 1108 2734 velox

435 2765 568 2818 molliter
579 2770 732 2817 austerum
744 2765 845 2818 studio
858 2766 982 2817 fallente
996 2765 1140 2828 laborem,

436 2865 489 2902 seu
500 2856 530 2901 te
542 2849 642 2901 discus
654 2848 726 2915 agit,
740 2854 809 2915 pete
821 2849 975 2901 cedentem
989 2865 1057 2901 aera
1069 2849 1167 2902 disco:

345 2986 410 3043 The
425 2984 575 3060 Apodosis
589 2995 620 3042 to
634 2982 781 3060 sifats'pat
795 2984 820 3042 is
835 3004 884 3041 see
894 2983 1066 3061 pila-disco.

307 3135 403 3211 Epist.
421 3136 450 3206 1,
469 3136 519 3206 17,
537 3136 631 3192 ss-ss

440 3270 557 3330 Contra,
571 3284 660 3335 quem
671 3267 787 3335 duplici
799 3283 898 3335 panno
911 3269 1057 3336 patientia
1069 3272 1159 3331 velat,

442 3351 578 3414 mirabor,
592 3351 670 3404 vitae
683 3351 730 3405 via
742 3351 768 3404 si
779 3367 921 3405 conversa
933 3353 1061 3405 decebit.

352 3469 441 3543 Quem
461 3472 516 3528 hes
531 3491 549 3528 a
571 3470 752 3528 conditional
767 3470 847 3528 force
870 3472 928 3528 and
951 3472 1000 3529 the
1022 3471 1122 3529 clause
1145 3470 1320 3548 quem-velat
1342 3470 1435 3529 forms
1457 3470 1499 3527 the

305 3572 439 3631 Protesis
454 3580 483 3630 to
495 3572 544 3630 the
559 3580 696 3629 sentence
711 3570 974 3629 mirabor-decebit.

307 3727 348 3782 A.
366 3725 402 3782 Ρ.
420 3724 556 3781 stt-425

440 3839 473 3892 Si
485 3855 554 3891 vero
565 3844 620 3903 est,
634 3844 759 3891 unctum
771 3839 822 3907 qui
834 3845 912 3892 reete
924 3855 1034 3906 ponere
1046 3839 1141 3907 possit

440 3928 470 3975 et
478 3923 625 3989 spondere
636 3923 697 3976 levi
709 3938 764 3990 pro
776 3938 905 3990 paupere
917 3928 948 3974 et
960 3922 1074 3989 eripere
1086 3922 1160 3974 artis

441 4005 544 4058 litibus
555 4006 748 4073 implicitum,
764 4006 900 4068 mirabor,
915 4006 942 4058 si
954 4006 1028 4058 sciet
1040 4005 1119 4058 inter

440 4105 561 4142 noscere
573 4090 745 4142 mendacem
758 4106 919 4157 verumque
931 4090 1035 4142 beatus
1046 4089 1187 4141 amicum.

352 4210 388 4267 B.
413 4207 492 4266 Nisi.

307 4344 404 4419 Epist.
422 4345 451 4414 I,
467 4342 500 4415 2,
518 4345 556 4401 54

439 4459 593 4513 sincerum
606 4468 651 4513 est
663 4460 722 4513 nisi
734 4477 795 4518 vas.
810 4461 1017 4528 quodcumque
1028 4459 1167 4511 infundis
1179 4457 1304 4511 acescit.
