3194 5250
785 429 822 487 91

199 611 293 670 Ssrm.
313 612 341 681 Ι,
358 612 389 681 4,
410 612 501 668 14·15

631 709 757 778 ‘accipe,
771 709 797 762 si
810 710 865 772 vis,

318 863 321 881 Ι
330 792 430 860 accipe
442 792 502 844 iam
513 793 630 845 tabulas
643 808 649 856 ;

198 929 293 1004 Epist.
312 929 341 1000 1,
361 929 409 998 16,
430 931 467 985 15

330 1064 393 1113 Hae
405 1061 535 1113 latebrae
547 1060 661 1122 dulces,
675 1060 775 1123 etiam,
790 1062 815 1113 si
828 1062 935 1124 credis,
949 1079 1099 1126 amoenae,

199 1197 294 1272 Epist.
313 1198 340 1266 I,
361 1199 411 1266 18,
428 1197 523 1253 67-68

328 1330 468 1381 Protinus
480 1335 514 1381 ut
526 1345 672 1391 moneam,
687 1329 786 1397 siquid
799 1330 958 1383 monitoris
968 1348 1036 1399 eges
1049 1338 1098 1384 tu:

333 1412 404 1480 quid
416 1412 453 1464 de
466 1429 582 1480 quoque
594 1412 658 1466 viro
670 1419 700 1465 et
712 1413 760 1464 cui
772 1412 863 1476 dicas,
878 1430 965 1482 saepe
977 1415 1088 1468 videto.

199 1565 296 1639 Epist.
315 1565 341 1634 l,
362 1566 411 1634 19,
431 1565 482 1622 1-3
523 1611 528 1615 .

331 1696 431 1748 Prisco
444 1696 469 1748 si
482 1696 587 1759 credis,
603 1701 759 1750 Maecenas
772 1699 869 1761 docte,
885 1699 1015 1758 Cratino.

329 1780 414 1831 nulla
426 1781 543 1846 placere
556 1779 609 1831 diu
621 1796 675 1832 nec
689 1781 788 1833 vivere
801 1782 932 1834 carmina
944 1790 1080 1849 possunt,

329 1879 403 1931 quae
416 1862 587 1915 scribuntur
598 1880 692 1931 aquae
705 1864 871 1931 potoribus.

199 1999 295 2073 Epist.
313 2000 359 2068 ΙΙ,
377 2003 407 2069 2,
425 2001 463 2056 95

328 2148 399 2183 mox
411 2132 510 2193 etiam,
525 2132 550 2183 si
564 2133 639 2184 torte
653 2149 749 2193 vacas,
763 2149 886 2202 sequere
900 2140 929 2186 et
941 2135 1046 2200 procul
1061 2135 1142 2195 audi,

199 2286 294 2360 Epist.
312 2285 357 2353 ΙΙ,
376 2287 407 2355 2,
427 2287 483 2342 159

305 2385 307 2389 ⁸
328 2417 481 2484 quaedam,
496 2417 521 2468 si
534 2417 630 2469 credis
638 2417 793 2478 consultis,
808 2419 957 2486 mancipat
970 2435 1058 2470 usus:
1156 2415 1161 2427 ’

302 2555 349 2628 c).
395 2552 490 2609 Third
505 2553 617 2609 Person
640 2551 792 2627 Singular.

200 2721 296 2780 Sam.
311 2721 345 2800 1,
358 2720 387 2791 o,
407 2720 542 2777 104-105

830 2823 918 2871 Nunc
930 2820 1005 2871 mihi
1017 2826 1102 2872 curto

327 2902 371 2954 ire
384 2902 455 2954 licet
468 2904 551 2954 mulo
564 2904 612 2956 vel
625 2902 650 2954 si
664 2903 738 2954 libet
751 2919 846 2970 usque
859 2904 1030 2964 Tarentum,

200 3055 297 3115 serm.
315 3056 360 3126 ΙΙ,
379 3056 409 3126 3,
428 3056 523 3113 32-33

497 3187 611 3239 insanis
624 3194 654 3239 et
665 3194 698 3239 tu
711 3188 855 3254 stultique
868 3203 961 3256 prope
973 3206 1089 3250 omnes,

329 3271 428 3338 siquid
440 3271 603 3324 Stertinius
616 3271 679 3323 veri
692 3277 803 3337 crepat,

198 3424 295 3485 Sorm.
313 3425 359 3497 ΙΙ,
377 3427 407 3494 5,
426 3425 462 3481 61

329 3575 409 3640 Quid
421 3581 520 3627 tamen
533 3575 590 3636 ista
602 3574 676 3627 velit
688 3574 744 3626 sibi
757 3575 867 3636 tabula,
882 3576 907 3628 31
921 3576 1000 3632 licet.
1015 3578 1078 3629 ede.

198 3728 294 3803 Epist.
313 3728 358 3798 II,
377 3730 406 3798 2,
428 3728 464 3784 16

328 3859 381 3912 des
394 3876 541 3921 nummos,
555 3867 680 3926 excepta
693 3861 770 3912 nihil
782 3868 812 3914 te
824 3863 850 3913 si
863 3863 933 3928 tuga
946 3862 1055 3914 laedit:

301 3997 351 4072 d).
393 3996 488 4054 Third
504 3998 615 4054 Person
632 3998 745 4055 Plural.
766 4073 768 4078 Ι

199 4147 296 4208 Sarm.
310 4148 338 4218 1,
356 4149 386 4219 3,
405 4149 497 4204 69-71

729 4263 851 4315 Amicus
864 4264 969 4325 dulcis,
986 4271 1019 4316 ut
1030 4281 1156 4332 aequum
1169 4272 1223 4327 est,

332 4362 399 4398 cum
412 4363 477 4397 mea
489 4354 662 4413 compenset
675 4347 756 4399 vitiis
768 4348 854 4407 bona,
870 4348 1007 4414 pluribus
1020 4348 1111 4409 hisce,

333 4430 358 4481 si
371 4431 459 4481 modo
471 4432 559 4497 plura
571 4430 646 4482 mihi
658 4432 735 4482 bona
747 4437 827 4492 sunt,
841 4431 977 4492 inclinet,
