3194 5250
350 630 387 686 B.
413 628 466 685 Ni.

410 734 459 801 a).
505 730 600 788 Third
616 731 727 787 Person
746 729 898 806 Singulur.

310 862 467 934 Serm.11,
485 865 514 934 8,
533 866 624 921 59-61

969 947 1043 1012 Quis
1061 955 1139 1000 esset

437 1029 515 1090 finis,
530 1028 561 1080 ni
573 1030 692 1096 sapiens
704 1030 746 1081 sic
760 1033 965 1082 Nomentanus
977 1031 1106 1083 amicum

438 1114 561 1164 tolleret
571 1128 577 1163 :

410 1233 440 1288 3.
485 1232 620 1289 Protesis
634 1231 775 1308 denoting
790 1244 856 1306 past
870 1232 981 1302 action,
998 1233 1148 1307 Apodosis
1164 1246 1282 1309 present
1296 1237 1408 1295 oetion.

349 1333 389 1389 Α.
415 1332 549 1389 Protesis
565 1332 737 1389 introduced
753 1332 792 1408 by
807 1331 844 1388 si.

409 1433 459 1504 a).
507 1432 621 1490 Second
637 1433 749 1489 Person
767 1431 919 1506 Singular.

307 1567 364 1627 Od.
380 1569 425 1638 II,
443 1570 474 1636 8,
493 1569 545 1625 3-5

439 1689 534 1736 Dente
547 1684 573 1735 si
586 1684 671 1750 nigro
683 1685 768 1735 fieres
780 1686 829 1736 vel
842 1700 903 1735 uno

472 1767 601 1833 Turpior
614 1767 717 1833 ungui,

441 1851 608 1903 Crederem.

554 2054 592 2104 11.
628 2051 790 2115 Pluperfect
807 2053 994 2115 Subiunctive
1010 2055 1038 2104 in
1054 2053 1103 2106 the
1121 2055 1252 2108 Protudu

306 2238 372 2316 30).
417 2237 565 2312 Apodosis
582 2237 610 2292 in
628 2237 676 2293 the
691 2235 850 2310 Irnperfect
869 2236 1078 2313 subjunctive.

411 2341 439 2394 1.
485 2337 617 2394 Protesis
633 2337 773 2410 denoting
788 2347 855 2410 past
869 2336 979 2407 action,
997 2337 1147 2411 Apodosis
1163 2348 1281 2413 present
1295 2340 1408 2398 action.

349 2440 390 2496 A.
415 2437 549 2495 Protasis
562 2437 734 2494 introduced
751 2438 788 2512 by
806 2435 842 2492 si.

410 2540 455 2615 a).
501 2537 595 2595 Third
611 2538 723 2594 Person
741 2537 894 2610 singular.

307 2671 365 2731 Od.
383 2673 428 2740 11,
446 2672 476 2741 8,
497 2672 547 2726 1-5

441 2786 512 2839 Ulla
523 2786 549 2837 si
561 2785 635 2837 iuris
648 2785 702 2838 tibi
715 2784 840 2852 peierati

441 2873 547 2930 Poena,
563 2869 678 2930 Barine‚
694 2869 844 2920 nocuisset
856 2885 1009 2937 umquam,

444 3036 609 3088 Crederem.

309 3157 407 3217 serm.
425 3156 451 3226 1,
468 3155 518 3219 ιο,
537 3154 625 3211 orn

1040 3236 1091 3287 sed
1104 3236 1167 3298 ille,

438 3321 463 3373 si
476 3322 553 3372 foret
565 3320 622 3369 hoc
633 3324 769 3369 nostrum
783 3319 844 3369 fato
855 3318 967 3370 dilatus
979 3319 1010 3370 in
1023 3336 1139 3382 aevum,

438 3404 585 3455 detereret
597 3401 653 3453 sibi
666 3401 769 3461 multa,
784 3401 929 3453 recideret
940 3419 1026 3454 omne
1040 3404 1119 3470 quod
1133 3404 1212 3455 ultra

438 3488 603 3554 perfectum
614 3487 791 3545 traheretur,
806 3491 836 3535 et
846 3484 878 3536 in
892 3502 979 3537 versu
994 3486 1130 3538 faciendo

437 3586 523 3637 saepe
536 3575 625 3635 caput
636 3569 777 3628 scaberet,
789 3569 872 3620 vivos
884 3576 914 3620 et
926 3569 1044 3621 roderet
1056 3570 1174 3636 unguis.

309 3691 406 3766 Epist.
424 3690 469 3756 II,
491 3691 517 3757 l,
537 3688 632 3744 90-92

440 3803 553 3869 Quodsi
565 3809 627 3854 tam
641 3801 760 3854 Graecis
773 3801 890 3854 novitas
903 3802 1000 3854 invisa
1013 3803 1120 3855 fuisset

439 3904 527 3956 quam
537 3886 630 3946 nobis,
646 3885 717 3953 quid
731 3901 810 3936 nunc
822 3892 900 3937 esset
912 3888 1016 3938 vetus?
1051 3891 1111 3939 Aut
1124 3887 1196 3956 quid
1209 3889 1340 3951 haberet,

439 3970 518 4038 quod
530 3971 643 4035 legeret
654 3975 820 4037 tereretque
834 3969 948 4021 viritim
960 3969 1101 4035 publicus
1114 3972 1205 4022 usus?

354 4075 391 4131 B.
416 4071 468 4128 Ni.

411 4172 456 4246 a).
502 4171 597 4228 Third
612 4172 723 4227 Persou
740 4168 901 4245 Singular.

309 4309 404 4384 Epist.
420 4307 465 4376 II,
487 4309 515 4375 l,
537 4305 670 4361 132-133

441 4421 536 4473 Castis
549 4436 617 4471 cum
630 4420 730 4485 pueris
742 4419 845 4486 ignara
858 4421 961 4486 puella
974 4420 1074 4472 mariti

442 4505 569 4556 disceret
581 4503 659 4554 unde
672 4519 784 4569 preces,
799 4509 896 4556 vatem
910 4503 940 4554 ni
954 4506 1040 4555 Musa
1053 4504 1202 4556 dedisset?
