3194 5250
787 415 826 472 84

201 598 269 675 99).
315 600 344 655 ὁ.
368 597 490 656 Several
512 599 651 655 Protases
667 597 738 654 with
760 595 897 654 different
918 596 1082 670 predicatss
1098 616 1168 675 may
1192 599 1267 656 hove
1284 620 1302 656 a
1317 618 1389 657 eom·

203 717 271 754 mon
287 698 448 773 Apodosis.

310 832 354 909 l).
404 829 491 889 Sisi.

202 1014 260 1074 Od.
275 1016 320 1085 11,
338 1017 369 1083 8,
389 1017 440 1072 13

335 1148 405 1201 Ulla
418 1148 444 1198 si
456 1146 531 1199 iuris
542 1146 598 1199 tibi
612 1146 750 1214 perierati

334 1233 441 1292 Poena,
456 1230 572 1292 Batine,
586 1230 738 1283 nocuisset
749 1247 901 1298 umquam,

334 1317 430 1366 Dente
442 1314 468 1365 si
479 1313 566 1381 nigro
577 1314 663 1366 fieres
676 1314 724 1366 vel
742 1330 803 1366 uno

368 1397 496 1465 Turpior
508 1397 614 1464 ungui,

334 1531 492 1584 Crederem
502 1546 508 1582 ε

201 1716 409 1787 03.111‚33,
429 1719 491 1774 1-8.
539 1716 636 1775 serm.
654 1718 681 1787 1,
707 1719 736 1785 6,
755 1717 862 1774 65-71.
901 1719 945 1788 11,
964 1719 993 1788 3,
1022 1720 1167 1776 ror-103.
1205 1721 1252 1785 11,
1270 1721 1299 1789 3,
1321 1723 1382 1776 ιιι-

286 1818 356 1874 130.
384 1818 427 1886 υ,
445 1818 475 1888 3,
501 1818 586 1874 3-13.
618 1818 664 1887 11,
681 1819 712 1884 s,
738 1819 842 1875 71-72.
873 1819 1010 1894 nprsrn,
1033 1820 1081 1887 13,
1107 1821 1172 1876 3-3.
1201 1820 1228 1889 1,
1251 1822 1297 1889 Π,
1325 1821 1379 1877 6-3.

285 1918 330 1985 11,
352 1923 379 1988 1,
398 1918 505 1974 33-33.

305 2033 352 2111 3).
401 2031 512 2090 Si-aut
526 2032 562 2090 si.

201 2218 299 2276 Serm.
313 2219 340 2287 1,
360 2219 390 2287 3,
409 2219 504 2274 94-33

530 2333 609 2398 Quid
623 2333 738 2395 faciam,
753 2333 778 2386 si
791 2335 905 2386 furtum
918 2335 1033 2397 iecerit,
1047 2342 1099 2388 aut
1112 2337 1138 2388 si

331 2416 497 2483 prodiderit
509 2417 667 2469 commissa
678 2416 736 2468 fide
749 2432 930 2485 sponsumve
942 2418 1078 2486 negarit?

201 2602 297 2661 Serm.
316 2602 344 2672 Ι,
363 2604 391 2672 7,
413 2604 505 2659 15-17

531 2719 591 2770 duo
603 2719 629 2769 si
641 2718 789 2771 discordia
802 2725 890 2771 vexet
900 2719 1007 2772 inertis

332 2808 385 2854 aut
397 2801 422 2853 si
435 2801 602 2868 disparibus
615 2802 730 2853 bellum
741 2802 864 2863 incidat,
878 2809 913 2855 nt
925 2804 1064 2856 Diomedi

332 2901 400 2936 cum
413 2885 504 2950 Lycio
517 2887 641 2946 Glauco,
656 2885 791 2937 discedat
803 2886 926 2954 pigrior,

305 3019 352 3097 3).
401 3017 503 3077 Si-vel
517 3019 551 3076 si.

199 3205 294 3279 Epist.
312 3207 339 3275 Ι,
358 3210 385 3276 1,
404 3208 498 3264 95-97

531 3322 557 3374 si
570 3323 646 3375 forte
658 3322 806 3374 subucula
818 3337 911 3388 pexae

331 3389 517 3508 trffisubest
528 3390 656 3450 tunicae,
672 3392 719 3443 vel
733 3389 758 3440 si
771 3397 839 3457 toga
851 3389 979 3442 dissidet
989 3389 1098 3456 impar,

303 3591 351 3668 4).
397 3589 487 3648 Ni-si
500 3610 569 3647 non.

201 3772 297 3850 Epist.
317 3775 343 3845 Ι,
362 3776 391 3841 2,
411 3775 506 3831 34-37

929 3880 960 3926 et
972 3873 1004 3925 ni

333 3971 437 4023 posces
448 3962 518 4008 ante
530 3956 610 4008 diem
623 3957 734 4008 librum
746 3973 814 4008 cum
827 3959 951 4020 lumine,
966 3958 992 4011 si
1004 3973 1065 4010 non

331 4039 470 4093 intendes
482 4039 615 4092 animum
628 4040 736 4092 studiis
748 4047 779 4092 et
790 4042 878 4093 rebus
891 4041 1036 4104 honestis,

331 4123 444 4177 invidia
457 4124 504 4176 vel
517 4140 616 4175 amore
628 4123 702 4191 vigil
714 4125 898 4192 torquebere.

305 4277 351 4352 ὁ).
400 4273 469 4333 Sive
484 4274 650 4355 (seu)=3ive
672 4275 770 4356 (seu).

305 4389 353 4452 cf.
378 4390 509 4466 Chapter
525 4392 563 4450 V.
