3194 5250
716 393 754 448 23

244 581 293 651 b).
340 577 434 636 Third
451 579 561 635 Person
579 575 729 648 Singulae.

140 713 197 769 on.
217 713 278 779 nr,
297 715 327 783 5,
347 712 442 768 31-33

306 844 337 896 Si
351 848 464 911 pugnat
476 842 620 893 extricata
631 841 732 893 densis

339 929 430 978 Cerva
443 925 549 992 plagis,
563 925 621 976 erit
632 924 686 983 ille
700 924 794 983 fortis,

272 1009 330 1074 Qui
340 1009 460 1077 perfidis
473 1025 503 1060 se
516 1008 642 1060 credidit
655 1008 791 1059 hostibus

140 1145 197 1204 Od.
217 1145 279 1213 III,
298 1147 349 1213 24,
367 1145 420 1201 5-8

270 1259 300 1311 Si
313 1259 379 1326 figit
391 1259 597 1310 adamantinos

304 1341 435 1395 Summis
448 1341 609 1393 verticibus
621 1340 686 1392 dira
696 1340 863 1392 Necessitas

272 1427 388 1485 Clavos,
403 1441 462 1475 non
475 1424 607 1475 animum
622 1430 712 1484 metu,

306 1513 372 1560 Non
386 1508 490 1559 mortis
505 1508 618 1575 laqueis
631 1507 770 1574 expedies
783 1515 882 1573 caput.

140 1647 236 1703 Serin.
255 1646 299 1715 H,
317 1648 348 1709 4,
367 1648 405 1706 52

275 1801 280 1811 .
297 1800 325 1852 'a'
342 1800 347 1812 .
364 1799 370 1812 .
385 1759 484 1827 siquid
497 1759 586 1811 crassi
599 1763 653 1819 est,
669 1759 842 1810 tenuabitur
854 1776 934 1818 aura,

141 1914 237 1987 epm.
257 1914 282 1982 1,
304 1914 352 1982 1·2‚
372 1914 425 1969 ee

272 2026 304 2079 Si
317 2027 413 2078 ventri
425 2027 509 2089 bene,
524 2027 548 2077 si
561 2027 648 2078 iatcri
660 2032 705 2077 est
717 2026 900 2092 pedibusque
913 2027 982 2086 tuis,
997 2027 1040 2077 nil

272 2109 394 2162 divitiae
407 2116 548 2176 poterunt
561 2112 675 2176 regales
688 2109 795 2161 addere
809 2109 911 2161 maius.

140 2265 238 2337 nprn.
258 2265 283 2331 1,
307 2265 354 2332 n,
375 2264 427 2319 ee

271 2378 302 2430 Si
315 2386 344 2429 te
355 2383 439 2442 grata
451 2377 534 2445 quies
547 2382 576 2428 et
589 2377 714 2443 primam
729 2393 851 2429 somnus
864 2378 894 2428 in
908 2379 1011 2429 horam

160 2466 166 2477 ‘
270 2461 408 2522 delectat,
423 2460 489 2512 site
503 2461 603 2527 pulvis
616 2461 817 2527 strepitusque
828 2468 969 2520 rotarum,

271 2546 296 2596 si
310 2544 402 2596 laedit
413 2559 556 2611 caupona,
572 2543 765 2595 Ferentinum
777 2544 819 2595 ire
832 2544 947 2595 iubebo.

138 2685 178 2738 A.
195 2683 229 2739 P.
248 2682 342 2738 48-51

751 2778 782 2830 Si
796 2779 871 2829 rorte
885 2795 1003 2830 necesse
1016 2787 1070 2839 est,

267 2861 387 2913 indiciis
400 2867 564 2912 monstrare
577 2861 747 2912 recentibus
759 2862 860 2912 abdita
874 2879 982 2924 rerum,

269 2948 379 3013 fingere
392 2945 533 2998 cinctutis
547 2960 605 2996 non
620 2945 759 2997 exaudita
773 2946 912 3012 Cethegis
963 2963 964 2968 ¹

270 3031 423 3097 continget
435 3030 611 3096 dabiturque
626 3029 747 3081 licentia
760 3036 878 3096 sumpta
891 3031 1046 3096 pudenter.

242 3152 271 3206 3.
317 3151 382 3207 ‘Phe
398 3151 523 3207 Present
540 3149 591 3203 bas
609 3146 707 3205 future
724 3149 873 3221 meaning,

179 3286 219 3340 A.
245 3282 377 3339 Protesis
394 3281 566 3339 introduced
584 3281 623 3355 by
639 3281 707 3337 nisi.

241 3420 291 3490 e).
336 3415 543 3472 FirstPorson
566 3415 678 3472 Plural.

139 3550 234 3609 Serm.
254 3551 298 3614 ΙΙ,
316 3550 347 3616 8,
366 3549 404 3605 34

271 3669 341 3715 ‘nos
353 3663 413 3714 nisi
423 3663 564 3716 damnose
577 3664 715 3723 bibimus,
730 3664 890 3716 moriemur
903 3666 1012 3727 inulti,'

180 3784 215 3840 B.
242 3783 374 3841 Protesis
392 3782 564 3839 introduced
581 3784 618 3857 by
634 3782 676 3837 ni.

241 3919 289 3989 e).
338 3916 454 3975 Second
470 3917 582 3973 Person
600 3914 752 3988 Singulas.

138 4053 234 4110 Serm.
253 4051 298 4117 11,
317 4052 346 4119 3,
368 4052 422 4106 151

272 4171 278 4192 ‘
289 4166 319 4217 ni
332 4172 383 4218 tua
395 4165 537 4223 custodis,
552 4164 656 4216 avidus
668 4164 728 4215 iam
742 4167 814 4217 haec
826 4168 941 4218 auferet
953 4170 1057 4220 heres.⁹

137 4306 234 4362 Senm.
252 4303 297 4372 ΙΙ,
315 4304 346 4372 7,
366 4303 501 4359 117-118

901 4403 990 4455 Ocius
1004 4405 1075 4456 hine
1088 4413 1117 4457 te

271 4485 303 4537 ni
314 4484 403 4552 rapis,
418 4485 538 4536 accedes
552 4500 641 4550 opera
654 4501 725 4550 agro
735 4501 812 4536 nona
826 4486 943 4537 Sabino.
