<?xml version="1.0" encoding="UTF-8"?>
<!DOCTYPE html PUBLIC "-//W3C//DTD XHTML 1.0 Transitional//EN"
    "http://www.w3.org/TR/xhtml1/DTD/xhtml1-transitional.dtd">
<html xmlns="http://www.w3.org/1999/xhtml" xml:lang="en" lang="en">
 <head>
  <title>
</title>
<meta http-equiv="Content-Type" content="text/html;charset=utf-8" />
  <meta name='ocr-system' content='tesseract 3.04.00' />
  <meta name='ocr-capabilities' content='ocr_page ocr_carea ocr_par ocr_line ocrx_word'/>
</head>
<body>
  <div class='ocr_page' id='page_1' title='image "./conditionalperi00eldegoog_0026.png"; bbox 0 0 3194 5250; ppageno 0'>
   <div class='ocr_carea' id='block_1_1' title="bbox 803 381 918 436">
    <p class='ocr_par' dir='ltr' id='par_1_1' title="bbox 803 381 918 436">
     <span class='ocr_line' id='line_1_1' title="bbox 803 381 918 436; baseline 0 0"><span class='ocrx_word' id='word_1_1' title='bbox 803 381 918 436; x_wconf 70' lang='lat'>“20</span> 
     </span>
    </p>
   </div>
   <div class='ocr_carea' id='block_1_2' title="bbox 344 557 911 733">
    <p class='ocr_par' dir='ltr' id='par_1_2' title="bbox 344 557 911 733">
     <span class='ocr_line' id='line_1_2' title="bbox 344 557 911 635; baseline -0.009 -17"><span class='ocrx_word' id='word_1_2' title='bbox 344 562 380 618; x_wconf 90' lang='lat' dir='ltr'>B.</span> <span class='ocrx_word' id='word_1_3' title='bbox 406 559 538 618; x_wconf 81' lang='lat' dir='ltr'>Protesis</span> <span class='ocrx_word' id='word_1_4' title='bbox 555 559 725 616; x_wconf 76' lang='lat' dir='ltr'>introduced</span> <span class='ocrx_word' id='word_1_5' title='bbox 742 559 780 635; x_wconf 88' lang='lat' dir='ltr'>by</span> <span class='ocrx_word' id='word_1_6' title='bbox 803 557 828 613; x_wconf 83' lang='lat' dir='ltr'>si</span> <span class='ocrx_word' id='word_1_7' title='bbox 842 578 911 614; x_wconf 70' lang='lat' dir='ltr'>rore.</span> 
     </span>
     <span class='ocr_line' id='line_1_3' title="bbox 405 657 886 733; baseline -0.008 -17"><span class='ocrx_word' id='word_1_8' title='bbox 405 662 452 733; x_wconf 85' lang='lat' dir='ltr'>a).</span> <span class='ocrx_word' id='word_1_9' title='bbox 496 659 590 716; x_wconf 88' lang='lat' dir='ltr'>Third</span> <span class='ocrx_word' id='word_1_10' title='bbox 606 660 717 716; x_wconf 89' lang='lat' dir='ltr'>Person</span> <span class='ocrx_word' id='word_1_11' title='bbox 734 657 886 733; x_wconf 85' lang='lat' dir='ltr'>Singulur.</span> 
     </span>
    </p>
   </div>
   <div class='ocr_carea' id='block_1_3' title="bbox 301 792 618 862">
    <p class='ocr_par' dir='ltr' id='par_1_3' title="bbox 301 792 618 862">
     <span class='ocr_line' id='line_1_4' title="bbox 301 792 618 862; baseline -0.016 -10"><span class='ocrx_word' id='word_1_12' title='bbox 301 795 357 853; x_wconf 87' lang='lat' dir='ltr'>Od.</span> <span class='ocrx_word' id='word_1_13' title='bbox 373 794 435 862; x_wconf 85' lang='lat'>111,</span> <span class='ocrx_word' id='word_1_14' title='bbox 453 795 504 861; x_wconf 77' lang='lat'>24,</span> <span class='ocrx_word' id='word_1_15' title='bbox 523 792 618 849; x_wconf 84' lang='lat'>33-34</span> 
     </span>
    </p>
   </div>
   <div class='ocr_carea' id='block_1_4' title="bbox 433 871 847 973">
    <p class='ocr_par' dir='ltr' id='par_1_4' title="bbox 433 871 847 973">
     <span class='ocr_line' id='line_1_5' title="bbox 433 871 847 973; baseline -0.005 -15"><span class='ocrx_word' id='word_1_16' title='bbox 433 907 511 973; x_wconf 81' lang='lat' dir='ltr'>Quid</span> <span class='ocrx_word' id='word_1_17' title='bbox 524 907 624 958; x_wconf 81' lang='lat' dir='ltr'>tristes</span> <span class='ocrx_word' id='word_1_18' title='bbox 636 871 847 973; x_wconf 60' lang='lat' dir='ltr'>querimoniae,</span> 
     </span>
    </p>
   </div>
   <div class='ocr_carea' id='block_1_5' title="bbox 464 988 1006 1057">
    <p class='ocr_par' dir='ltr' id='par_1_5' title="bbox 464 988 1006 1057">
     <span class='ocr_line' id='line_1_6' title="bbox 464 988 1006 1057; baseline -0.006 -15"><span class='ocrx_word' id='word_1_19' title='bbox 464 991 495 1043; x_wconf 89' lang='lat' dir='ltr'>Si</span> <span class='ocrx_word' id='word_1_20' title='bbox 508 1006 568 1041; x_wconf 87' lang='lat' dir='ltr'>non</span> <span class='ocrx_word' id='word_1_21' title='bbox 581 989 731 1057; x_wconf 90' lang='lat' dir='ltr'>supplicio</span> <span class='ocrx_word' id='word_1_22' title='bbox 743 990 831 1056; x_wconf 87' lang='lat' dir='ltr'>culpa</span> <span class='ocrx_word' id='word_1_23' title='bbox 840 988 1006 1041; x_wconf 81' lang='lat' dir='ltr'>reciditur?</span> 
     </span>
    </p>
   </div>
   <div class='ocr_carea' id='block_1_6' title="bbox 300 1110 1172 1502">
    <p class='ocr_par' dir='ltr' id='par_1_6' title="bbox 300 1110 1172 1502">
     <span class='ocr_line' id='line_1_7' title="bbox 300 1110 544 1186; baseline -0.016 -17"><span class='ocrx_word' id='word_1_24' title='bbox 300 1114 395 1186; x_wconf 71' lang='lat' dir='ltr'>Epist.</span> <span class='ocrx_word' id='word_1_25' title='bbox 414 1112 441 1173; x_wconf 82' lang='lat'>1,</span> <span class='ocrx_word' id='word_1_26' title='bbox 459 1113 486 1172; x_wconf 81' lang='lat' dir='ltr'>l,</span> <span class='ocrx_word' id='word_1_27' title='bbox 505 1110 544 1166; x_wconf 66' lang='lat'>32</span> 
     </span>
     <span class='ocr_line' id='line_1_8' title="bbox 430 1222 1172 1291; baseline -0.003 -15"><span class='ocrx_word' id='word_1_28' title='bbox 430 1226 485 1281; x_wconf 84' lang='lat' dir='ltr'>Est</span> <span class='ocrx_word' id='word_1_29' title='bbox 493 1224 619 1291; x_wconf 90' lang='lat' dir='ltr'>quadam</span> <span class='ocrx_word' id='word_1_30' title='bbox 632 1223 750 1290; x_wconf 91' lang='lat' dir='ltr'>prodire</span> <span class='ocrx_word' id='word_1_31' title='bbox 763 1229 859 1288; x_wconf 90' lang='lat' dir='ltr'>tenus,</span> <span class='ocrx_word' id='word_1_32' title='bbox 874 1223 899 1274; x_wconf 91' lang='lat' dir='ltr'>si</span> <span class='ocrx_word' id='word_1_33' title='bbox 912 1239 971 1274; x_wconf 92' lang='lat' dir='ltr'>non</span> <span class='ocrx_word' id='word_1_34' title='bbox 984 1222 1072 1274; x_wconf 88' lang='lat' dir='ltr'>datur</span> <span class='ocrx_word' id='word_1_35' title='bbox 1085 1224 1172 1274; x_wconf 87' lang='lat' dir='ltr'>ultra.</span> 
     </span>
     <span class='ocr_line' id='line_1_9' title="bbox 300 1342 601 1420; baseline -0.017 -17"><span class='ocrx_word' id='word_1_36' title='bbox 300 1346 395 1420; x_wconf 78' lang='lat' dir='ltr'>Epist.</span> <span class='ocrx_word' id='word_1_37' title='bbox 414 1345 441 1413; x_wconf 85' lang='grc' dir='ltr'>Ι,</span> <span class='ocrx_word' id='word_1_38' title='bbox 462 1347 489 1409; x_wconf 81' lang='lat'>1,</span> <span class='ocrx_word' id='word_1_39' title='bbox 508 1342 601 1399; x_wconf 78' lang='lat'><strong>87-89</strong></span> 
     </span>
     <span class='ocr_line' id='line_1_10' title="bbox 706 1440 1144 1502; baseline -0.007 -8"><span class='ocrx_word' id='word_1_40' title='bbox 706 1444 813 1496; x_wconf 86' lang='lat' dir='ltr'><strong>Lectus</strong></span> <span class='ocrx_word' id='word_1_41' title='bbox 825 1440 951 1502; x_wconf 75' lang='lat' dir='ltr'>genialis</span> <span class='ocrx_word' id='word_1_42' title='bbox 963 1441 994 1491; x_wconf 91' lang='lat' dir='ltr'>in</span> <span class='ocrx_word' id='word_1_43' title='bbox 1007 1443 1075 1491; x_wconf 87' lang='lat' dir='ltr'>aula</span> <span class='ocrx_word' id='word_1_44' title='bbox 1084 1446 1144 1492; x_wconf 87' lang='lat' dir='ltr'>est:</span> 
     </span>
    </p>
   </div>
   <div class='ocr_carea' id='block_1_7' title="bbox 428 1526 1098 1670">
    <p class='ocr_par' dir='ltr' id='par_1_7' title="bbox 428 1526 1098 1670">
     <span class='ocr_line' id='line_1_11' title="bbox 428 1526 1098 1592; baseline -0.001 -13"><span class='ocrx_word' id='word_1_45' title='bbox 428 1527 473 1579; x_wconf 93' lang='lat' dir='ltr'>nil</span> <span class='ocrx_word' id='word_1_46' title='bbox 484 1526 527 1578; x_wconf 88' lang='lat' dir='ltr'>ait</span> <span class='ocrx_word' id='word_1_47' title='bbox 539 1543 601 1578; x_wconf 90' lang='lat' dir='ltr'>esse</span> <span class='ocrx_word' id='word_1_48' title='bbox 614 1527 706 1592; x_wconf 89' lang='lat' dir='ltr'>prius,</span> <span class='ocrx_word' id='word_1_49' title='bbox 721 1526 829 1578; x_wconf 93' lang='lat' dir='ltr'>melius</span> <span class='ocrx_word' id='word_1_50' title='bbox 841 1527 886 1578; x_wconf 93' lang='lat' dir='ltr'>nil</span> <span class='ocrx_word' id='word_1_51' title='bbox 898 1526 1009 1578; x_wconf 90' lang='lat' dir='ltr'>caelibe</span> <span class='ocrx_word' id='word_1_52' title='bbox 1023 1527 1098 1587; x_wconf 86' lang='lat' dir='ltr'>vita;</span> 
     </span>
     <span class='ocr_line' id='line_1_12' title="bbox 429 1609 1069 1670; baseline -0.002 -8"><span class='ocrx_word' id='word_1_53' title='bbox 429 1611 453 1662; x_wconf 91' lang='lat' dir='ltr'>si</span> <span class='ocrx_word' id='word_1_54' title='bbox 466 1616 592 1670; x_wconf 88' lang='lat' dir='ltr'>nonest,</span> <span class='ocrx_word' id='word_1_55' title='bbox 606 1609 685 1661; x_wconf 88' lang='lat' dir='ltr'>iurat</span> <span class='ocrx_word' id='word_1_56' title='bbox 697 1610 770 1661; x_wconf 92' lang='lat' dir='ltr'>bene</span> <span class='ocrx_word' id='word_1_57' title='bbox 784 1610 856 1661; x_wconf 89' lang='lat' dir='ltr'>solis</span> <span class='ocrx_word' id='word_1_58' title='bbox 868 1626 932 1661; x_wconf 90' lang='lat' dir='ltr'>esse</span> <span class='ocrx_word' id='word_1_59' title='bbox 945 1611 1069 1662; x_wconf 87' lang='lat' dir='ltr'>maritis.</span> 
     </span>
    </p>
   </div>
   <div class='ocr_carea' id='block_1_8' title="bbox 297 1746 1283 1994">
    <p class='ocr_par' dir='ltr' id='par_1_8' title="bbox 297 1746 1283 1994">
     <span class='ocr_line' id='line_1_13' title="bbox 297 1746 620 1820; baseline -0.003 -17"><span class='ocrx_word' id='word_1_60' title='bbox 297 1747 392 1820; x_wconf 71' lang='lat' dir='ltr'>Epist.</span> <span class='ocrx_word' id='word_1_61' title='bbox 408 1746 435 1814; x_wconf 85' lang='grc' dir='ltr'>Ι,</span> <span class='ocrx_word' id='word_1_62' title='bbox 457 1750 506 1814; x_wconf 83' lang='lat'>11,</span> <span class='ocrx_word' id='word_1_63' title='bbox 525 1746 620 1802; x_wconf 73' lang='lat'>29-30</span> 
     </span>
     <span class='ocr_line' id='line_1_14' title="bbox 969 1843 1283 1909; baseline -0.003 -14"><span class='ocrx_word' id='word_1_64' title='bbox 969 1845 1055 1908; x_wconf 80' lang='lat' dir='ltr'>Quod</span> <span class='ocrx_word' id='word_1_65' title='bbox 1068 1843 1154 1909; x_wconf 90' lang='lat' dir='ltr'>petis,</span> <span class='ocrx_word' id='word_1_66' title='bbox 1169 1843 1217 1895; x_wconf 92' lang='lat' dir='ltr'>hic</span> <span class='ocrx_word' id='word_1_67' title='bbox 1229 1850 1283 1904; x_wconf 89' lang='lat' dir='ltr'>est,</span> 
     </span>
     <span class='ocr_line' id='line_1_15' title="bbox 427 1926 1144 1994; baseline 0 -16"><span class='ocrx_word' id='word_1_68' title='bbox 427 1933 473 1979; x_wconf 88' lang='lat' dir='ltr'>est</span> <span class='ocrx_word' id='word_1_69' title='bbox 485 1927 617 1988; x_wconf 86' lang='lat' dir='ltr'>Ulubris,</span> <span class='ocrx_word' id='word_1_70' title='bbox 631 1927 748 1978; x_wconf 87' lang='lat' dir='ltr'>animus</span> <span class='ocrx_word' id='word_1_71' title='bbox 761 1926 787 1978; x_wconf 90' lang='lat' dir='ltr'>si</span> <span class='ocrx_word' id='word_1_72' title='bbox 798 1932 828 1978; x_wconf 92' lang='lat' dir='ltr'>te</span> <span class='ocrx_word' id='word_1_73' title='bbox 840 1942 899 1977; x_wconf 93' lang='lat' dir='ltr'>non</span> <span class='ocrx_word' id='word_1_74' title='bbox 912 1926 1013 1978; x_wconf 88' lang='lat' dir='ltr'><strong>deficit</strong></span> <span class='ocrx_word' id='word_1_75' title='bbox 1024 1943 1144 1994; x_wconf 87' lang='lat' dir='ltr'>aequus.</span> 
     </span>
    </p>
   </div>
   <div class='ocr_carea' id='block_1_9' title="bbox 338 2044 907 2227">
    <p class='ocr_par' dir='ltr' id='par_1_9' title="bbox 338 2044 907 2227">
     <span class='ocr_line' id='line_1_16' title="bbox 338 2044 853 2120; baseline -0.008 -16"><span class='ocrx_word' id='word_1_76' title='bbox 338 2045 373 2104; x_wconf 85' lang='lat' dir='ltr'>C.</span> <span class='ocrx_word' id='word_1_77' title='bbox 399 2046 532 2103; x_wconf 81' lang='lat' dir='ltr'>Protesis</span> <span class='ocrx_word' id='word_1_78' title='bbox 548 2046 720 2103; x_wconf 78' lang='lat' dir='ltr'><strong>introduced</strong></span> <span class='ocrx_word' id='word_1_79' title='bbox 736 2046 774 2120; x_wconf 93' lang='lat' dir='ltr'>by</span> <span class='ocrx_word' id='word_1_80' title='bbox 786 2044 853 2101; x_wconf 78' lang='lat' dir='ltr'>nisi.</span> 
     </span>
     <span class='ocr_line' id='line_1_17' title="bbox 385 2145 907 2227; baseline -0.004 -25"><span class='ocrx_word' id='word_1_81' title='bbox 385 2151 449 2220; x_wconf 64' lang='lat' dir='ltr'>¹a).</span> <span class='ocrx_word' id='word_1_82' title='bbox 496 2146 610 2204; x_wconf 77' lang='lat' dir='ltr'><strong>Second</strong></span> <span class='ocrx_word' id='word_1_83' title='bbox 627 2147 737 2203; x_wconf 86' lang='lat' dir='ltr'>Person</span> <span class='ocrx_word' id='word_1_84' title='bbox 755 2145 907 2227; x_wconf 84' lang='lat' dir='ltr'>Singular.</span> 
     </span>
    </p>
   </div>
   <div class='ocr_carea' id='block_1_10' title="bbox 296 2296 642 2365">
    <p class='ocr_par' dir='ltr' id='par_1_10' title="bbox 296 2296 642 2365">
     <span class='ocr_line' id='line_1_18' title="bbox 296 2296 642 2365; baseline -0.006 -11"><span class='ocrx_word' id='word_1_85' title='bbox 296 2296 391 2354; x_wconf 84' lang='lat' dir='ltr'>Serru.</span> <span class='ocrx_word' id='word_1_86' title='bbox 411 2297 437 2365; x_wconf 89' lang='lat'>1,</span> <span class='ocrx_word' id='word_1_87' title='bbox 457 2297 486 2365; x_wconf 86' lang='lat'>3,</span> <span class='ocrx_word' id='word_1_88' title='bbox 508 2296 642 2353; x_wconf 73' lang='lat'>133-136</span> 
     </span>
    </p>
   </div>
   <div class='ocr_carea' id='block_1_11' title="bbox 838 2394 1161 2446">
    <p class='ocr_par' dir='ltr' id='par_1_11' title="bbox 838 2394 1161 2446">
     <span class='ocr_line' id='line_1_19' title="bbox 838 2394 1161 2446; baseline -0.006 0"><span class='ocrx_word' id='word_1_89' title='bbox 838 2394 965 2446; x_wconf 88' lang='lat' dir='ltr'>Vellunt</span> <span class='ocrx_word' id='word_1_90' title='bbox 976 2395 1031 2445; x_wconf 93' lang='lat' dir='ltr'>tibi</span> <span class='ocrx_word' id='word_1_91' title='bbox 1043 2395 1161 2446; x_wconf 85' lang='lat' dir='ltr'><strong>barbam</strong></span> 
     </span>
    </p>
   </div>
   <div class='ocr_carea' id='block_1_12' title="bbox 426 2477 1186 2712">
    <p class='ocr_par' dir='ltr' id='par_1_12' title="bbox 426 2477 1186 2712">
     <span class='ocr_line' id='line_1_20' title="bbox 427 2477 1071 2545; baseline 0 -17"><span class='ocrx_word' id='word_1_92' title='bbox 427 2478 530 2530; x_wconf 90' lang='lat' dir='ltr'>lascivi</span> <span class='ocrx_word' id='word_1_93' title='bbox 542 2478 636 2545; x_wconf 89' lang='lat' dir='ltr'>pueri,</span> <span class='ocrx_word' id='word_1_94' title='bbox 651 2493 724 2545; x_wconf 91' lang='lat' dir='ltr'>quos</span> <span class='ocrx_word' id='word_1_95' title='bbox 736 2483 769 2528; x_wconf 92' lang='lat' dir='ltr'>tu</span> <span class='ocrx_word' id='word_1_96' title='bbox 782 2477 840 2529; x_wconf 89' lang='lat' dir='ltr'>nisi</span> <span class='ocrx_word' id='word_1_97' title='bbox 854 2479 932 2529; x_wconf 85' lang='lat' dir='ltr'>iuste</span> <span class='ocrx_word' id='word_1_98' title='bbox 945 2494 1071 2539; x_wconf 86' lang='lat' dir='ltr'>coerces,</span> 
     </span>
     <span class='ocr_line' id='line_1_21' title="bbox 426 2561 1077 2629; baseline 0 -17"><span class='ocrx_word' id='word_1_99' title='bbox 426 2561 541 2628; x_wconf 85' lang='lat' dir='ltr'>urgeris</span> <span class='ocrx_word' id='word_1_100' title='bbox 553 2562 639 2612; x_wconf 87' lang='lat' dir='ltr'>turba</span> <span class='ocrx_word' id='word_1_101' title='bbox 651 2561 763 2612; x_wconf 91' lang='lat' dir='ltr'>circum</span> <span class='ocrx_word' id='word_1_102' title='bbox 776 2567 805 2612; x_wconf 96' lang='lat' dir='ltr'>te</span> <span class='ocrx_word' id='word_1_103' title='bbox 818 2567 915 2613; x_wconf 86' lang='lat' dir='ltr'>stante</span> <span class='ocrx_word' id='word_1_104' title='bbox 929 2561 1077 2629; x_wconf 85' lang='lat' dir='ltr'>miserque</span> 
     </span>
     <span class='ocr_line' id='line_1_22' title="bbox 427 2644 1186 2712; baseline 0 -18"><span class='ocrx_word' id='word_1_105' title='bbox 427 2645 574 2710; x_wconf 88' lang='lat' dir='ltr'>rumperis</span> <span class='ocrx_word' id='word_1_106' title='bbox 586 2651 616 2696; x_wconf 92' lang='lat' dir='ltr'>et</span> <span class='ocrx_word' id='word_1_107' title='bbox 630 2646 729 2705; x_wconf 87' lang='lat' dir='ltr'>latras,</span> <span class='ocrx_word' id='word_1_108' title='bbox 744 2660 918 2710; x_wconf 87' lang='lat' dir='ltr'>magnorum</span> <span class='ocrx_word' id='word_1_109' title='bbox 932 2644 1061 2697; x_wconf 86' lang='lat' dir='ltr'>maxime</span> <span class='ocrx_word' id='word_1_110' title='bbox 1074 2661 1186 2712; x_wconf 89' lang='lat' dir='ltr'>regum.</span> 
     </span>
    </p>
   </div>
   <div class='ocr_carea' id='block_1_13' title="bbox 400 2760 885 2837">
    <p class='ocr_par' dir='ltr' id='par_1_13' title="bbox 400 2760 885 2837">
     <span class='ocr_line' id='line_1_23' title="bbox 400 2760 885 2837; baseline 0.002 -19"><span class='ocrx_word' id='word_1_111' title='bbox 400 2763 450 2835; x_wconf 83' lang='lat' dir='ltr'>b).</span> <span class='ocrx_word' id='word_1_112' title='bbox 494 2764 588 2820; x_wconf 79' lang='lat' dir='ltr'>Third</span> <span class='ocrx_word' id='word_1_113' title='bbox 604 2764 716 2820; x_wconf 79' lang='lat' dir='ltr'>Person</span> <span class='ocrx_word' id='word_1_114' title='bbox 733 2760 885 2837; x_wconf 77' lang='lat' dir='ltr'>singular.</span> 
     </span>
    </p>
   </div>
   <div class='ocr_carea' id='block_1_14' title="bbox 278 2914 1265 3412">
    <p class='ocr_par' dir='ltr' id='par_1_14' title="bbox 278 2914 1265 3412">
     <span class='ocr_line' id='line_1_24' title="bbox 278 2914 600 2982; baseline 0 -12"><span class='ocrx_word' id='word_1_115' title='bbox 278 2915 392 2970; x_wconf 66' lang='lat' dir='ltr'>&#39;Serre</span> <span class='ocrx_word' id='word_1_116' title='bbox 413 2915 438 2982; x_wconf 86' lang='grc' dir='ltr'>Ι,</span> <span class='ocrx_word' id='word_1_117' title='bbox 458 2914 488 2980; x_wconf 82' lang='grc'>3,</span> <span class='ocrx_word' id='word_1_118' title='bbox 506 2916 600 2970; x_wconf 67' lang='lat' dir='ltr'>tro-89</span> 
     </span>
     <span class='ocr_line' id='line_1_25' title="bbox 1056 3014 1177 3064; baseline -0.025 0"><span class='ocrx_word' id='word_1_119' title='bbox 1056 3014 1177 3064; x_wconf 90' lang='lat' dir='ltr'>acerbus</span> 
     </span>
     <span class='ocr_line' id='line_1_26' title="bbox 427 3094 1087 3162; baseline 0.006 -17"><span class='ocrx_word' id='word_1_120' title='bbox 427 3095 517 3147; x_wconf 89' lang='lat' dir='ltr'>odisti</span> <span class='ocrx_word' id='word_1_121' title='bbox 530 3101 560 3147; x_wconf 91' lang='lat' dir='ltr'>et</span> <span class='ocrx_word' id='word_1_122' title='bbox 573 3094 651 3162; x_wconf 86' lang='lat' dir='ltr'>fugis</span> <span class='ocrx_word' id='word_1_123' title='bbox 664 3102 697 3147; x_wconf 93' lang='lat' dir='ltr'>ut</span> <span class='ocrx_word' id='word_1_124' title='bbox 710 3099 862 3147; x_wconf 88' lang='lat' dir='ltr'>Rusonem</span> <span class='ocrx_word' id='word_1_125' title='bbox 874 3095 990 3148; x_wconf 90' lang='lat' dir='ltr'>debitor</span> <span class='ocrx_word' id='word_1_126' title='bbox 1002 3096 1087 3152; x_wconf 85' lang='lat' dir='ltr'>aeris.</span> 
     </span>
     <span class='ocr_line' id='line_1_27' title="bbox 429 3179 1169 3246; baseline 0.001 -17"><span class='ocrx_word' id='word_1_127' title='bbox 429 3179 478 3246; x_wconf 91' lang='lat' dir='ltr'>qui</span> <span class='ocrx_word' id='word_1_128' title='bbox 491 3179 559 3239; x_wconf 89' lang='lat' dir='ltr'>nisi,</span> <span class='ocrx_word' id='word_1_129' title='bbox 574 3195 641 3230; x_wconf 91' lang='lat' dir='ltr'>cum</span> <span class='ocrx_word' id='word_1_130' title='bbox 654 3179 754 3231; x_wconf 88' lang='lat' dir='ltr'>tristes</span> <span class='ocrx_word' id='word_1_131' title='bbox 767 3179 875 3230; x_wconf 82' lang='lat' dir='ltr'>misero</span> <span class='ocrx_word' id='word_1_132' title='bbox 888 3196 994 3231; x_wconf 90' lang='lat' dir='ltr'>venere</span> <span class='ocrx_word' id='word_1_133' title='bbox 1006 3180 1169 3239; x_wconf 81' lang='lat' dir='ltr'>Kalendae,</span> 
     </span>
     <span class='ocr_line' id='line_1_28' title="bbox 428 3263 1265 3323; baseline 0.001 -11"><span class='ocrx_word' id='word_1_134' title='bbox 428 3263 593 3313; x_wconf 87' lang='lat' dir='ltr'>mercedem</span> <span class='ocrx_word' id='word_1_135' title='bbox 605 3268 657 3313; x_wconf 91' lang='lat' dir='ltr'>aut</span> <span class='ocrx_word' id='word_1_136' title='bbox 669 3278 806 3313; x_wconf 90' lang='lat' dir='ltr'>nummos</span> <span class='ocrx_word' id='word_1_137' title='bbox 819 3263 897 3314; x_wconf 92' lang='lat' dir='ltr'>unde</span> <span class='ocrx_word' id='word_1_138' title='bbox 911 3264 989 3314; x_wconf 88' lang='lat' dir='ltr'>unde</span> <span class='ocrx_word' id='word_1_139' title='bbox 1002 3263 1137 3323; x_wconf 85' lang='lat' dir='ltr'>extricat,</span> <span class='ocrx_word' id='word_1_140' title='bbox 1152 3279 1265 3313; x_wconf 89' lang='lat' dir='ltr'>amaras</span> 
     </span>
     <span class='ocr_line' id='line_1_29' title="bbox 428 3345 1127 3412; baseline 0.001 -16"><span class='ocrx_word' id='word_1_141' title='bbox 428 3353 563 3411; x_wconf 90' lang='lat' dir='ltr'>porrecto</span> <span class='ocrx_word' id='word_1_142' title='bbox 575 3345 679 3411; x_wconf 89' lang='lat' dir='ltr'>iugulo</span> <span class='ocrx_word' id='word_1_143' title='bbox 691 3345 831 3397; x_wconf 88' lang='lat' dir='ltr'>historias</span> <span class='ocrx_word' id='word_1_144' title='bbox 843 3346 977 3412; x_wconf 88' lang='lat' dir='ltr'>captivus</span> <span class='ocrx_word' id='word_1_145' title='bbox 991 3354 1024 3397; x_wconf 90' lang='lat' dir='ltr'>ut</span> <span class='ocrx_word' id='word_1_146' title='bbox 1035 3346 1127 3397; x_wconf 87' lang='lat' dir='ltr'>audit.</span> 
     </span>
    </p>
   </div>
   <div class='ocr_carea' id='block_1_15' title="bbox 297 3481 596 3554">
    <p class='ocr_par' dir='ltr' id='par_1_15' title="bbox 297 3481 596 3554">
     <span class='ocr_line' id='line_1_30' title="bbox 297 3481 596 3554; baseline -0.007 -16"><span class='ocrx_word' id='word_1_147' title='bbox 297 3482 390 3554; x_wconf 62' lang='lat' dir='ltr'>rnre.</span> <span class='ocrx_word' id='word_1_148' title='bbox 408 3482 435 3544; x_wconf 82' lang='lat' dir='ltr'>r,</span> <span class='ocrx_word' id='word_1_149' title='bbox 454 3483 482 3549; x_wconf 79' lang='lat'>2,</span> <span class='ocrx_word' id='word_1_150' title='bbox 503 3481 596 3536; x_wconf 75' lang='lat' dir='ltr'>eree</span> 
     </span>
    </p>
   </div>
   <div class='ocr_carea' id='block_1_16' title="bbox 428 3596 1247 3747">
    <p class='ocr_par' dir='ltr' id='par_1_16' title="bbox 428 3596 1247 3747">
     <span class='ocr_line' id='line_1_31' title="bbox 429 3596 1247 3664; baseline 0.004 -18"><span class='ocrx_word' id='word_1_151' title='bbox 429 3600 476 3647; x_wconf 83' lang='lat' dir='ltr'>Ira</span> <span class='ocrx_word' id='word_1_152' title='bbox 489 3598 570 3646; x_wconf 83' lang='lat' dir='ltr'>furor</span> <span class='ocrx_word' id='word_1_153' title='bbox 582 3596 680 3648; x_wconf 90' lang='lat' dir='ltr'>brevis</span> <span class='ocrx_word' id='word_1_154' title='bbox 692 3602 753 3647; x_wconf 87' lang='lat' dir='ltr'>est:</span> <span class='ocrx_word' id='word_1_155' title='bbox 774 3596 907 3648; x_wconf 87' lang='lat' dir='ltr'>animum</span> <span class='ocrx_word' id='word_1_156' title='bbox 921 3613 1003 3664; x_wconf 90' lang='lat' dir='ltr'>rege;</span> <span class='ocrx_word' id='word_1_157' title='bbox 1018 3598 1069 3664; x_wconf 94' lang='lat' dir='ltr'>qui</span> <span class='ocrx_word' id='word_1_158' title='bbox 1083 3597 1141 3648; x_wconf 91' lang='lat' dir='ltr'>nisi</span> <span class='ocrx_word' id='word_1_159' title='bbox 1155 3604 1247 3663; x_wconf 87' lang='lat' dir='ltr'>paret,</span> 
     </span>
     <span class='ocr_line' id='line_1_32' title="bbox 428 3680 1218 3747; baseline 0.003 -18"><span class='ocrx_word' id='word_1_160' title='bbox 428 3680 569 3745; x_wconf 87' lang='lat' dir='ltr'>imperat:</span> <span class='ocrx_word' id='word_1_161' title='bbox 590 3680 670 3729; x_wconf 90' lang='lat' dir='ltr'>hunc</span> <span class='ocrx_word' id='word_1_162' title='bbox 684 3680 785 3740; x_wconf 84' lang='lat' dir='ltr'>irenis,</span> <span class='ocrx_word' id='word_1_163' title='bbox 800 3681 880 3731; x_wconf 93' lang='lat' dir='ltr'>hunc</span> <span class='ocrx_word' id='word_1_164' title='bbox 893 3687 926 3731; x_wconf 88' lang='lat' dir='ltr'>tu</span> <span class='ocrx_word' id='word_1_165' title='bbox 939 3696 1092 3747; x_wconf 89' lang='lat' dir='ltr'>compesce</span> <span class='ocrx_word' id='word_1_166' title='bbox 1106 3686 1218 3731; x_wconf 84' lang='lat' dir='ltr'>catena.</span> 
     </span>
    </p>
   </div>
   <div class='ocr_carea' id='block_1_17' title="bbox 339 3814 834 3890">
    <p class='ocr_par' dir='ltr' id='par_1_17' title="bbox 339 3814 834 3890">
     <span class='ocr_line' id='line_1_33' title="bbox 339 3814 834 3890; baseline -0.004 -18"><span class='ocrx_word' id='word_1_167' title='bbox 339 3817 376 3872; x_wconf 91' lang='lat' dir='ltr'>l).</span> <span class='ocrx_word' id='word_1_168' title='bbox 400 3815 533 3872; x_wconf 80' lang='lat' dir='ltr'>Protesis</span> <span class='ocrx_word' id='word_1_169' title='bbox 550 3814 721 3871; x_wconf 82' lang='lat' dir='ltr'>introduced</span> <span class='ocrx_word' id='word_1_170' title='bbox 738 3816 775 3890; x_wconf 85' lang='lat' dir='ltr'>by</span> <span class='ocrx_word' id='word_1_171' title='bbox 791 3816 834 3870; x_wconf 79' lang='lat' dir='ltr'>rrr&#39;.</span> 
     </span>
    </p>
   </div>
   <div class='ocr_carea' id='block_1_18' title="bbox 273 3914 884 4079">
    <p class='ocr_par' dir='ltr' id='par_1_18' title="bbox 273 3914 884 4079">
     <span class='ocr_line' id='line_1_34' title="bbox 273 3914 884 3987; baseline -0.002 -15"><span class='ocrx_word' id='word_1_172' title='bbox 273 3966 276 3972; x_wconf 89' lang='lat'>.</span> <span class='ocrx_word' id='word_1_173' title='bbox 399 3923 448 3987; x_wconf 78' lang='lat' dir='ltr'>a).</span> <span class='ocrx_word' id='word_1_174' title='bbox 491 3914 585 3972; x_wconf 82' lang='lat' dir='ltr'>Third</span> <span class='ocrx_word' id='word_1_175' title='bbox 601 3916 714 3971; x_wconf 88' lang='lat' dir='ltr'>Persou</span> <span class='ocrx_word' id='word_1_176' title='bbox 731 3915 884 3986; x_wconf 70' lang='lat' dir='ltr'>singular.</span> 
     </span>
     <span class='ocr_line' id='line_1_35' title="bbox 297 4015 541 4079; baseline 0.004 -11"><span class='ocrx_word' id='word_1_177' title='bbox 297 4018 392 4071; x_wconf 64' lang='lat' dir='ltr'>Serre</span> <span class='ocrx_word' id='word_1_178' title='bbox 410 4015 435 4074; x_wconf 77' lang='grc' dir='ltr'>Ι.</span> <span class='ocrx_word' id='word_1_179' title='bbox 458 4018 484 4079; x_wconf 78' lang='lat'>1,</span> <span class='ocrx_word' id='word_1_180' title='bbox 502 4016 541 4070; x_wconf 92' lang='lat'>44</span> 
     </span>
    </p>
   </div>
   <div class='ocr_carea' id='block_1_19' title="bbox 400 4128 1393 4326">
    <p class='ocr_par' dir='ltr' id='par_1_19' title="bbox 400 4128 1393 4326">
     <span class='ocr_line' id='line_1_36' title="bbox 427 4128 1282 4196; baseline 0.002 -17"><span class='ocrx_word' id='word_1_181' title='bbox 427 4133 466 4180; x_wconf 89' lang='lat' dir='ltr'>At</span> <span class='ocrx_word' id='word_1_182' title='bbox 478 4129 507 4180; x_wconf 92' lang='lat' dir='ltr'>ni</span> <span class='ocrx_word' id='word_1_183' title='bbox 522 4128 552 4180; x_wconf 93' lang='lat' dir='ltr'>id</span> <span class='ocrx_word' id='word_1_184' title='bbox 564 4130 608 4189; x_wconf 89' lang='lat' dir='ltr'>fit,</span> <span class='ocrx_word' id='word_1_185' title='bbox 622 4129 694 4196; x_wconf 88' lang='lat' dir='ltr'>quid</span> <span class='ocrx_word' id='word_1_186' title='bbox 707 4129 796 4180; x_wconf 89' lang='lat' dir='ltr'>habet</span> <span class='ocrx_word' id='word_1_187' title='bbox 808 4131 928 4196; x_wconf 90' lang='lat' dir='ltr'>pulchri</span> <span class='ocrx_word' id='word_1_188' title='bbox 941 4139 1130 4182; x_wconf 90' lang='lat' dir='ltr'>constructus</span> <span class='ocrx_word' id='word_1_189' title='bbox 1143 4133 1282 4183; x_wconf 82' lang='lat' dir='ltr'>acervus?</span> 
     </span>
     <span class='ocr_line' id='line_1_37' title="bbox 400 4248 1393 4326; baseline 0.001 -22"><span class='ocrx_word' id='word_1_190' title='bbox 400 4251 450 4321; x_wconf 78' lang='lat'>2).</span> <span class='ocrx_word' id='word_1_191' title='bbox 497 4248 561 4305; x_wconf 85' lang='lat' dir='ltr'>The</span> <span class='ocrx_word' id='word_1_192' title='bbox 577 4248 701 4304; x_wconf 84' lang='lat' dir='ltr'>Prosent</span> <span class='ocrx_word' id='word_1_193' title='bbox 716 4249 740 4303; x_wconf 87' lang='lat' dir='ltr'>is</span> <span class='ocrx_word' id='word_1_194' title='bbox 756 4249 925 4305; x_wconf 85' lang='lat' dir='ltr'>sometimes</span> <span class='ocrx_word' id='word_1_195' title='bbox 942 4251 1052 4326; x_wconf 85' lang='lat' dir='ltr'>loosely</span> <span class='ocrx_word' id='word_1_196' title='bbox 1070 4251 1139 4306; x_wconf 87' lang='lat' dir='ltr'>used</span> <span class='ocrx_word' id='word_1_197' title='bbox 1153 4249 1188 4305; x_wconf 88' lang='lat' dir='ltr'>of</span> <span class='ocrx_word' id='word_1_198' title='bbox 1200 4250 1296 4307; x_wconf 80' lang='lat' dir='ltr'>future</span> <span class='ocrx_word' id='word_1_199' title='bbox 1314 4251 1393 4306; x_wconf 83' lang='lat' dir='ltr'>tirno.</span> 
     </span>
    </p>
   </div>
   <div class='ocr_carea' id='block_1_20' title="bbox 337 4347 865 4523">
    <p class='ocr_par' dir='ltr' id='par_1_20' title="bbox 337 4347 865 4523">
     <span class='ocr_line' id='line_1_38' title="bbox 337 4347 826 4424; baseline -0.006 -18"><span class='ocrx_word' id='word_1_200' title='bbox 337 4352 376 4414; x_wconf 85' lang='grc' dir='ltr'>Α,</span> <span class='ocrx_word' id='word_1_201' title='bbox 401 4347 534 4405; x_wconf 81' lang='lat' dir='ltr'>Protesis</span> <span class='ocrx_word' id='word_1_202' title='bbox 550 4347 720 4404; x_wconf 84' lang='lat' dir='ltr'>introduced</span> <span class='ocrx_word' id='word_1_203' title='bbox 738 4349 776 4424; x_wconf 89' lang='lat' dir='ltr'>by</span> <span class='ocrx_word' id='word_1_204' title='bbox 792 4347 826 4404; x_wconf 84' lang='lat' dir='ltr'>si.</span> 
     </span>
     <span class='ocr_line' id='line_1_39' title="bbox 398 4445 865 4523; baseline 0.002 -20"><span class='ocrx_word' id='word_1_205' title='bbox 398 4452 447 4522; x_wconf 79' lang='lat' dir='ltr'>u).</span> <span class='ocrx_word' id='word_1_206' title='bbox 492 4448 514 4504; x_wconf 84' lang='lat' dir='ltr'>F</span> <span class='ocrx_word' id='word_1_207' title='bbox 518 4447 569 4504; x_wconf 90' lang='lat' dir='ltr'>irst</span> <span class='ocrx_word' id='word_1_208' title='bbox 584 4448 695 4505; x_wconf 85' lang='lat' dir='ltr'>Person</span> <span class='ocrx_word' id='word_1_209' title='bbox 714 4445 865 4523; x_wconf 78' lang='lat' dir='ltr'>singular.</span> 
     </span>
    </p>
   </div>
   <div class='ocr_carea' id='block_1_21' title="bbox 0 0 1602 5250">
    <p class='ocr_par' dir='ltr' id='par_1_21' title="bbox 0 0 1602 5250">
     <span class='ocr_line' id='line_1_40' title="bbox 0 0 1602 5250; baseline 0 0"><span class='ocrx_word' id='word_1_210' title='bbox 0 0 1602 5250; x_wconf 95' lang='lat' dir='ltr'> </span> 
     </span>
    </p>
   </div>
  </div>
 </body>
</html>
