3194 5250
766 419 824 475 113

237 601 360 676 Arropat
375 601 399 657 is
416 601 565 658 Potential
582 599 788 676 Subjunctive,
807 601 935 676 forming
951 602 999 658 the
1016 602 1169 676 Apodosis
1185 612 1214 660 to
1230 623 1248 660 a
1260 604 1394 662 Protasis

197 701 337 758 involved
353 701 382 756 in
405 719 449 757 vs.
467 701 517 757 36.
837 754 841 782 Ι

198 870 291 944 144).
338 866 455 941 Special
467 868 597 925 mention
610 888 678 944 may
692 869 726 924 be
737 869 821 924 made
833 867 1130 927 ofthecoustruction
1144 869 1173 926 iu
1182 869 1240 929 Od.
1254 871 1282 940 Ι,
1297 872 1326 942 2,
1342 873 1392 928 22.

328 999 438 1051 Audiet
450 999 523 1051 civis
535 999 650 1052 acuisse
664 1001 785 1061 ferrum,

328 1085 394 1148 Quo
406 1100 510 1150 graves
524 1087 628 1134 Persae
641 1084 751 1135 melius
763 1083 906 1149 perirent,

239 1220 320 1276 Here
332 1219 462 1296 perirent
477 1238 576 1276 serves
593 1238 625 1275 as
647 1219 781 1276 Protasis
797 1229 827 1276 to
843 1238 880 1275 an
896 1220 1046 1293 Apodosis
1063 1219 1201 1297 involved
1217 1221 1246 1278 in
1262 1221 1373 1278 melias.

199 1387 290 1459 145).
337 1389 366 1443 A
388 1386 537 1444 condition
561 1406 631 1464 may
654 1388 689 1443 be
711 1386 849 1442 involved
866 1389 894 1442 in
919 1388 966 1444 the
989 1389 1110 1462 general
1132 1389 1272 1463 meaning
1294 1388 1329 1446 of
1347 1390 1397 1446 the

199 1497 329 1544 context.

200 1637 295 1696 Serm.
315 1637 341 1707 l,
362 1638 391 1706 6,
409 1638 504 1694 tto-87

330 1785 385 1820 nec
397 1769 508 1831 timuit,
523 1770 579 1821 sibi
591 1786 628 1821 ne
643 1770 716 1822 vitio
726 1770 793 1838 quis
805 1775 943 1830 verteret,
958 1770 1032 1822 olim

331 1853 356 1904 si
369 1869 476 1919 praeeo
488 1869 593 1920 parvas
602 1860 663 1915 aut,
678 1859 712 1905 ut
724 1853 782 1905 tuit
794 1854 867 1920 ipse,
881 1860 999 1905 coactor

331 1938 481 1989 mercedes
494 1953 646 2006 sequerer:
667 1954 761 2005 neque
774 1953 828 2004 ego
841 1953 936 1989 essem
950 1944 1087 2004 questus3

243 2072 263 2127 i.
282 2090 307 2128 e.
354 2072 420 2128 Nor
435 2072 540 2130 should
556 2074 572 2130 1
589 2074 664 2129 have
679 2072 876 2146 complanet,
895 2073 921 2129 if
932 2073 957 2130 it
970 2073 1029 2130 had
1044 2073 1150 2130 turned
1165 2086 1217 2130 out
1231 2092 1274 2130 so.

200 2242 296 2300 Serm.
308 2243 335 2311 1,
355 2243 383 2311 6,
405 2242 538 2297 100-104

334 2377 410 2426 Nam
424 2373 498 2425 mihi
511 2373 655 2424 continuo
667 2372 761 2424 maior
773 2372 941 2441 quaerenda
954 2374 1031 2424 foret
1043 2389 1090 2425 res

333 2465 422 2525 atque
435 2457 586 2509 salutandi
599 2458 711 2523 plures,
725 2457 880 2508 ducendus
892 2462 923 2508 et
935 2472 1012 2507 unus

333 2549 364 2592 et
377 2557 475 2592 eomes
488 2542 573 2600 alter,
588 2540 683 2590 utine
696 2541 778 2591 solus
791 2556 879 2591 rusve
891 2555 1051 2606 peregreve

332 2624 456 2684 exirem,
471 2625 573 2690 plures
586 2624 705 2674 calones
717 2629 804 2689 atque
817 2622 924 2674 caballi

332 2707 484 2774 pascendi,
498 2707 634 2758 ducenda
646 2707 799 2773 petorrita.

245 2846 272 2900 Α
287 2844 422 2901 Protasis
435 2863 505 2919 may
520 2844 555 2899 be
568 2843 701 2917 supplied
718 2842 794 2898 from
806 2843 855 2900 tlte
871 2842 1029 2916 preceding
1048 2842 1178 2919 (93-99)
1194 2861 1201 2898 :
1228 2841 1287 2898 For
1304 2839 1396 2898 forth·

203 2945 275 3001 with
296 2945 332 3022 (i.
347 2963 374 3000 e.
396 2943 449 3001 ill
465 2962 542 2999 were
565 2963 583 2999 a
598 2943 814 3017 distinguished
831 2949 932 3017 man),
957 2943 973 2999 l
988 2943 1092 2999 should
1109 2942 1185 2999 have
1201 2954 1230 3000 to
1246 2943 1399 3017 acquires

201 3046 300 3120 larger
317 3044 443 3113 fortune,
461 3055 517 3101 etc.

202 3214 299 3288 Epist.
317 3214 345 3281 Ι,
360 3214 389 3282 2,
409 3213 514 3269 37·39.
562 3209 610 3269 Cf.
631 3213 644 3276 ξ
666 3212 735 3267 126.

201 3350 241 3404 Α.
257 3349 292 3404 Ρ.
314 3347 447 3403 136-139

334 3482 395 3530 Nec
408 3478 450 3529 sic
462 3477 597 3543 incipies,
612 3482 646 3528 ut
658 3476 786 3543 scriptor
798 3477 928 3544 cyclicus
940 3477 1031 3528 olim:

335 3564 497 3613 ‘fortunam
510 3561 620 3613 Priami
638 3561 762 3612 cantabo
774 3565 805 3612 et
817 3560 917 3612 nobile
930 3561 1064 3612 bellum.’

334 3646 413 3710 Quid
425 3645 550 3711 dignum
563 3650 647 3696 tanto
660 3645 735 3695 feret
745 3644 795 3695 hic
807 3644 970 3711 promissor
982 3644 1085 3695 hiatu?

335 3729 504 3780 Parturient
517 3733 643 3789 montes,
657 3734 797 3779 nascetur
808 3728 956 3779 ridiculus
969 3743 1043 3779 mus.

243 3849 264 3904 i.
283 3868 308 3905 e.
361 3849 409 3923 (If
419 3868 478 3925 you
491 3849 527 3904 do
539 3848 626 3920 begin
638 3848 702 3923 so),
718 3847 742 3904 it
752 3847 811 3903 will
822 3848 858 3904 be
869 3865 960 3903 acase
973 3845 1181 3904 ofmouutains
1190 3846 1218 3902 in
1232 3846 1326 3914 labor,
1338 3856 1395 3902 etc.

201 4021 241 4075 Α.
257 4018 292 4075 Ρ.
308 4017 445 4073 265-268

334 4148 488 4200 Idcireone
502 4164 590 4214 vager
602 4148 787 4214 scribamque
800 4147 935 4207 licenter,
953 4162 991 4197 an
1004 4146 1101 4198 omnis

335 4232 451 4284 visuros
464 4237 584 4298 peccata
597 4238 699 4298 putem
710 4247 785 4292 mea,
799 4236 883 4282 tutus
895 4236 926 4281 et
937 4229 1016 4281 intra

336 4331 419 4382 spem
433 4315 536 4369 veniae
549 4316 671 4367 cautus?
707 4315 806 4367 Vitavi
819 4313 948 4380 denique
961 4314 1090 4380 culpam,

336 4415 396 4450 non
410 4399 530 4451 laudem
543 4398 648 4450 merui.

780 4467 817 4522 15
