3194 5250
781 369 819 426 89

199 549 297 609 Serm.
312 551 358 619 ΙΙ,
377 552 406 619 7,
424 551 520 608 42-43

664 648 753 713 Quid,
767 648 792 700 ei
805 664 852 700 me
865 649 988 702 stultior
999 649 1066 716 ipso

332 733 503 801 quingentis
515 739 617 800 empto
630 731 761 800 dragmis
773 732 987 799 deprenderis?

199 869 234 927 B.
258 869 355 943 Epist.
371 869 398 937 1,
418 869 468 940 16,
486 870 556 925 8-11

699 967 788 1032 Quid,
802 967 827 1019 si
837 967 1004 1020 rubicunda
1015 968 1138 1036 benigni

333 1067 421 1102 corna
433 1067 539 1118 vepres
551 1057 582 1103 et
593 1066 688 1118 pruna
702 1052 819 1103 ferant?
854 1052 886 1104 Si
898 1068 1024 1119 quercus
1037 1059 1068 1104 et
1079 1052 1142 1104 ilex

332 1135 428 1186 multa
440 1135 526 1202 fruge
539 1151 639 1202 pecus,
653 1135 748 1186 multa
760 1134 917 1186 dominum
929 1134 1012 1187 iuvet
1024 1136 1148 1188 umbra?

332 1218 420 1270 Dicas
431 1217 594 1271 adductum
607 1217 730 1285 propius
742 1217 880 1270 frondere
893 1217 1065 1272 Tarentum.

200 1355 234 1412 c.
261 1352 320 1413 oa.
339 1355 367 1425 1,
384 1355 435 1422 14,
456 1355 550 1411 13-18

334 1486 422 1551 Quid,
436 1487 462 1538 si
474 1485 611 1538 Threicio
624 1485 763 1538 blandius
776 1488 897 1552 Orpheo

332 1570 473 1623 Auditam
483 1569 636 1622 moderere
648 1569 801 1622 arboribus
813 1570 923 1622 fidem?

334 1656 414 1705 Num
426 1669 519 1707 vanae
531 1654 632 1706 redeat
645 1654 766 1720 sanguis
777 1653 914 1721 imagini,

369 1739 465 1802 Quam
478 1737 561 1802 virga
573 1738 666 1789 semel
679 1736 802 1789 horrida

336 1823 403 1871 Non
415 1820 493 1872 lenis
505 1820 643 1887 precibus
656 1821 717 1871 fata
729 1819 895 1881 recludere,

334 1903 427 1971 Nigro
439 1904 620 1971 compulerit
632 1903 800 1955 Mercurius
811 1903 895 1970 gregi
907 1904 918 1954 i

201 2038 299 2098 Serm.
317 2040 363 2111 Π,
386 2041 416 2109 3,
436 2040 572 2097 159-160

666 2139 765 2203 ‘Quid‚
779 2139 872 2207 siquis
885 2156 944 2192 non
957 2140 997 2193 sit
1009 2141 1135 2192 avarus?

335 2221 477 2274 'continno
490 2223 612 2274 sanusi'
649 2222 786 2274 Minime.

202 2356 299 2417 Serm.
317 2359 363 2427 Π,
381 2359 411 2429 3,
430 2359 566 2414 219-220

335 2489 423 2555 Quid,
437 2489 531 2558 siquis
541 2496 662 2557 gnatam
675 2506 729 2558 pro
741 2497 824 2542 muta
835 2490 963 2544 devovet
974 2507 1050 2558 agna
1064 2493 1075 2543 1

333 2573 451 2640 integer
462 2578 508 2625 est
519 2572 630 2625 animi?
664 2577 709 2625 Ne
722 2573 846 2626 dixeris.

202 2709 300 2785 Epist.
317 2709 346 2779 Ι,
366 2709 415 2778 19,
436 2710 529 2765 12-14

332 2807 421 2872 Quid,
436 2807 529 2875 siquis
541 2809 626 2860 voltu
638 2814 722 2861 torvo
735 2808 815 2860 ferus
828 2815 858 2860 et
870 2809 944 2874 pede
957 2808 1038 2860 nudo

334 2891 515 2958 exiguaeque
527 2898 613 2958 togae
626 2891 748 2942 simulet
760 2897 876 2943 textore
890 2893 1053 2944 Catonem?

333 2974 513 3028 virtutemne
525 2980 726 3041 repraesentet
739 2991 894 3043 moresque
907 2974 1047 3027 Catonis?

202 3160 289 3239 109).
337 3161 387 3235 6).
433 3157 742 3234 Apodosiseclause.

201 3263 241 3319 A.
265 3262 303 3318 Ρ.
328 3261 465 3318 270-274

333 3397 372 3444 At
383 3392 475 3445 vestri
486 3393 590 3459 proavi
602 3393 757 3444 Plautinos
770 3399 799 3445 et
813 3409 954 3445 numeros
972 3400 1002 3446 et

284 3471 285 3474 '
333 3475 491 3528 laudavere
503 3477 589 3538 sales,
604 3476 731 3528 nimium
743 3476 892 3543 patienter
904 3484 1074 3545 utrumque,

333 3576 370 3612 ne
381 3558 478 3611 dicam
491 3559 592 3620 stulte,
607 3559 716 3621 mirati,
731 3559 756 3611 si
768 3559 858 3611 modo
870 3577 925 3627 ego
939 3567 969 3612 et
982 3578 1034 3613 vos

334 3643 443 3695 scimus
454 3642 634 3694 inurbanum
646 3642 749 3709 lepido
762 3659 904 3710 seponere
917 3644 1008 3705 dicto,

333 3726 559 3794 legitimumque
572 3742 678 3777 sonum
690 3727 794 3793 digitis
807 3728 952 3778 callemus
964 3733 995 3778 et
1007 3744 1087 3780 aure.

199 3864 264 3921 The
279 3873 416 3921 sentence
431 3862 603 3919 introduced
619 3864 658 3938 by
672 3861 795 3919 simodo
811 3863 902 3920 limite
919 3864 968 3919 the
984 3864 1081 3919 words
1103 3860 1352 3920 nimium-mirati.

202 4082 293 4156 110).
341 4079 391 4154 7).
437 4078 586 4154 Apodosis
601 4081 787 4154 represented
804 4082 894 4156 bynu
911 4081 1033 4138 adverb.

203 4183 241 4239 A.
257 4179 353 4240 Serm.
375 4181 403 4250 Ι,
421 4181 451 4249 2,
470 4180 509 4236 23

332 4311 433 4380 Siquis
444 4328 525 4363 nunc
536 4317 658 4379 quaerat
671 4316 739 4379 ‘quo
751 4328 798 4363 res
811 4314 884 4364 haec
896 4312 1045 4378 pertinet?
1055 4317 1061 4339 '
1075 4312 1168 4364 illuc:

787 4416 822 4470 12
