3194 5250
199 581 296 640 Serm.
314 581 360 649 ΙΙ,
377 581 408 650 3,
426 581 562 636 sss-259

329 696 460 762 Porrigis
472 694 548 746 irato
561 712 654 762 puero
667 711 735 746 cum
749 711 847 762 poma,
861 702 994 755 recusat;

331 781 435 839 ‘sume,
449 781 578 830 catelle.’
615 783 719 843 Negat.

240 897 260 953 i.
276 916 302 953 e.
354 895 404 971 (If
412 917 472 972 you
487 902 557 973 say)
586 897 682 954 ‘'sake
698 898 803 966 them‚’
820 897 855 953 he
871 896 995 953 refuses.

199 1047 295 1121 Epist.
313 1046 341 1114 Ι,
360 1048 389 1114 l,
407 1046 501 1102 36-37

331 1160 441 1215 Laudis
453 1177 553 1212 amore
564 1168 677 1213 tumes:
697 1169 768 1213 sunt
780 1169 860 1214 certa
871 1163 999 1228 piacula,
1014 1179 1088 1230 quae
1100 1169 1131 1213 te

331 1250 377 1295 ter
388 1259 462 1309 pure
475 1246 553 1295 lecto
566 1252 708 1311 poterunt
720 1263 851 1297 recreare
864 1246 979 1297 libello.

199 1385 246 1455 c).
293 1379 388 1437 Third
405 1378 529 1435 Persou.

201 1514 299 1575 Serm.
315 1516 343 1585 1,
362 1517 392 1585 3,
410 1517 501 1572 49-51

905 1634 959 1682 Ine
981 1636 1031 1682 tus

330 1721 361 1766 et
372 1714 531 1767 iactantior
542 1713 593 1764 hic
605 1715 696 1780 paulo
707 1720 769 1765 est:
789 1647 1071 1765 concinnusiimicis

334 1799 468 1864 postulat
480 1803 515 1848 ut
527 1796 673 1848 videatur.

201 1936 297 1994 Serm.
313 1934 340 2004 Ι,
360 1937 390 2004 3,
408 1933 504 1990 56-58

931 2049 1044 2099 Probus
1057 2047 1123 2115 quis

329 2134 488 2186 nobiscum
502 2133 587 2193 vivit,
602 2134 733 2183 multum
746 2131 894 2183 demissus
906 2133 1013 2192 homo;
1033 2131 1082 2182 illi

330 2217 416 2269 tardo
427 2232 592 2283 cognomen
607 2215 712 2282 pingui
725 2215 839 2266 damus.

201 2356 297 2413 Serui.
313 2352 341 2420 Ι,
360 2355 391 2420 3,
411 2353 507 2409 58-62

873 2465 932 2517 Hic
944 2465 1023 2530 fugit
1034 2465 1132 2516 omnis

333 2551 458 2603 insidias
470 2551 608 2618 nullique
621 2552 700 2601 malo
712 2550 792 2601 latus
804 2549 889 2600 obdit
900 2556 1047 2615 apertum,

333 2651 400 2686 cum
412 2651 507 2700 genus
520 2636 576 2686 hoc
588 2634 668 2685 inter
679 2634 756 2686 vitae
770 2639 913 2693 versetur,
929 2632 979 2683 ubi
991 2632 1067 2684 acris

332 2717 446 2770 invidia
458 2725 547 2785 atque
560 2718 662 2784 vigent
674 2716 724 2768 ubi
738 2716 878 2768 crimina:
899 2732 953 2782 pro
963 2715 1038 2766 bene
1051 2731 1123 2767 sano

333 2817 367 2853 ac
380 2816 440 2852 non
454 2801 574 2852 incauto
586 2803 689 2853 fictum
701 2806 892 2866 astutumque
906 2815 1054 2851 vocamus.

203 2939 300 2998 Serm.
319 2939 346 3006 Ι,
365 2938 395 3003 3,
416 2937 509 2993 63-66

336 3052 510 3119 Simplicior
522 3052 589 3120 quis
600 3058 631 3103 et
642 3058 698 3112 est,
717 3053 836 3118 qualem
849 3067 895 3101 me
908 3066 995 3116 saepe
1008 3050 1138 3101 libenter

335 3136 497 3190 obtulerim
509 3136 576 3197 tibi,
591 3139 756 3195 Maecenas,
770 3141 804 3185 ut
817 3135 893 3185 forte
906 3135 1055 3200 legentem

336 3230 388 3275 aut
399 3223 524 3274 tacitum
536 3223 674 3288 impellat
686 3221 792 3288 quovis
804 3237 939 3281 sermone
952 3222 1111 3272 molestus:

337 3305 499 3356 ‘communi
513 3321 602 3357 sensu
615 3306 703 3371 plane
717 3308 803 3356 caret’
818 3303 981 3370 inquimus.

206 3442 302 3502 Serm.
319 3440 363 3510 ΙΙ,
383 3442 413 3509 3,
433 3442 526 3496 64-65

337 3556 452 3608 insanit
464 3563 579 3608 veteres
592 3562 705 3608 statuas
718 3554 917 3620 Damasippus
929 3554 1069 3605 emendo:

337 3640 454 3706 integer
466 3646 512 3691 est
524 3639 633 3691 mentis
647 3638 820 3704 Damasippi
833 3637 982 3689 creditor?
1018 3638 1101 3691 Esto.

208 3777 303 3836 Serm.
320 3777 368 3846 ΙΙ,
388 3777 417 3843 6,
432 3776 522 3830 50-51

339 3890 478 3956 Frigidus
490 3907 507 3940 a
519 3890 624 3941 rostris
636 3897 736 3941 manat
748 3906 801 3955 per
812 3889 942 3956 compita
955 3903 1070 3939 rumor:

339 3973 518 4041 quicumque
531 3973 637 4025 obvius
646 3979 701 4034 est,
715 3990 762 4024 me
774 3973 921 4024 consulit:

209 4131 305 4205 Epist.
324 4129 351 4197 1,
373 4130 400 4195 ι,
420 4125 514 4183 33-35

341 4245 448 4296 Fervet
459 4240 582 4292 avaritia
594 4241 760 4307 miseroque
774 4240 913 4307 cupidine
926 4245 1031 4307 pectus
1043 4254 1048 4290 :

340 4333 411 4378 sunt
423 4324 510 4377 verba
523 4331 553 4375 et
564 4341 650 4376 voces
662 4324 770 4390 quibus
782 4326 862 4375 hunc
874 4325 968 4375 lenire
981 4323 1117 4374 dolorem

341 4409 436 4477 possis
448 4414 479 4460 et
491 4423 628 4474 magnam
640 4409 735 4459 morbi
753 4408 900 4473 deponere
914 4413 1038 4473 partem.
