<?xml version="1.0" encoding="UTF-8"?>
<!DOCTYPE html PUBLIC "-//W3C//DTD XHTML 1.0 Transitional//EN"
    "http://www.w3.org/TR/xhtml1/DTD/xhtml1-transitional.dtd">
<html xmlns="http://www.w3.org/1999/xhtml" xml:lang="en" lang="en">
 <head>
  <title>
</title>
<meta http-equiv="Content-Type" content="text/html;charset=utf-8" />
  <meta name='ocr-system' content='tesseract 3.04.00' />
  <meta name='ocr-capabilities' content='ocr_page ocr_carea ocr_par ocr_line ocrx_word'/>
</head>
<body>
  <div class='ocr_page' id='page_1' title='image "./conditionalperi00eldegoog_0115.png"; bbox 0 0 3194 5250; ppageno 0'>
   <div class='ocr_carea' id='block_1_1' title="bbox 775 376 832 432">
    <p class='ocr_par' dir='ltr' id='par_1_1' title="bbox 775 376 832 432">
     <span class='ocr_line' id='line_1_1' title="bbox 775 376 832 432; baseline 0.018 -1"><span class='ocrx_word' id='word_1_1' title='bbox 775 376 832 432; x_wconf 89' lang='grc'><strong>109</strong></span> 
     </span>
    </p>
   </div>
   <div class='ocr_carea' id='block_1_2' title="bbox 202 557 1405 720">
    <p class='ocr_par' dir='ltr' id='par_1_2' title="bbox 202 557 1405 720">
     <span class='ocr_line' id='line_1_2' title="bbox 244 557 1405 634; baseline 0 -17"><span class='ocrx_word' id='word_1_2' title='bbox 244 564 273 618; x_wconf 90' lang='grc' dir='ltr'><strong>Α</strong></span> <span class='ocrx_word' id='word_1_3' title='bbox 288 559 407 618; x_wconf 74' lang='lat' dir='ltr'><em>Perfeci</em></span> <span class='ocrx_word' id='word_1_4' title='bbox 420 560 580 634; x_wconf 83' lang='lat' dir='ltr'><em>Participle</em></span> <span class='ocrx_word' id='word_1_5' title='bbox 602 558 681 617; x_wconf 81' lang='lat' dir='ltr'><em>often</em></span> <span class='ocrx_word' id='word_1_6' title='bbox 704 578 808 616; x_wconf 85' lang='lat' dir='ltr'><em>occurs</em></span> <span class='ocrx_word' id='word_1_7' title='bbox 831 558 985 634; x_wconf 86' lang='lat' dir='ltr'><em>involving</em></span> <span class='ocrx_word' id='word_1_8' title='bbox 1006 560 1055 617; x_wconf 88' lang='lat' dir='ltr'><em>the</em></span> <span class='ocrx_word' id='word_1_9' title='bbox 1079 557 1157 616; x_wconf 85' lang='lat' dir='ltr'><em>force</em></span> <span class='ocrx_word' id='word_1_10' title='bbox 1180 559 1215 616; x_wconf 86' lang='lat' dir='ltr'><em>of</em></span> <span class='ocrx_word' id='word_1_11' title='bbox 1232 581 1250 616; x_wconf 84' lang='lat' dir='ltr'><em>u</em></span> <span class='ocrx_word' id='word_1_12' title='bbox 1272 559 1405 619; x_wconf 84' lang='lat' dir='ltr'><em>General</em></span> 
     </span>
     <span class='ocr_line' id='line_1_3' title="bbox 202 659 374 720; baseline -0.017 0"><span class='ocrx_word' id='word_1_13' title='bbox 202 659 374 720; x_wconf 88' lang='lat' dir='ltr'><em>Conditiou.</em></span> 
     </span>
    </p>
   </div>
   <div class='ocr_carea' id='block_1_3' title="bbox 200 774 1402 1254">
    <p class='ocr_par' dir='ltr' id='par_1_3' title="bbox 200 774 1402 1254">
     <span class='ocr_line' id='line_1_4' title="bbox 243 774 1402 856; baseline -0.002 -20"><span class='ocrx_word' id='word_1_14' title='bbox 243 776 292 836; x_wconf 84' lang='lat' dir='ltr'><em>Cf.</em></span> <span class='ocrx_word' id='word_1_15' title='bbox 310 777 458 848; x_wconf 72' lang='lat' dir='ltr'><em>nonianus,</em></span> <span class='ocrx_word' id='word_1_16' title='bbox 484 775 542 836; x_wconf 91' lang='lat' dir='ltr'><em>Od.</em></span> <span class='ocrx_word' id='word_1_17' title='bbox 567 776 630 846; x_wconf 90' lang='grc' dir='ltr'>ΙΙΙ,</span> <span class='ocrx_word' id='word_1_18' title='bbox 655 775 684 846; x_wconf 93' lang='grc'><em>2,</em></span> <span class='ocrx_word' id='word_1_19' title='bbox 710 776 762 832; x_wconf 86' lang='grc'><em>30.</em></span> <span class='ocrx_word' id='word_1_20' title='bbox 786 774 941 842; x_wconf 75' lang='lat' dir='ltr'><em>medicata.</em></span> <span class='ocrx_word' id='word_1_21' title='bbox 967 774 1025 835; x_wconf 92' lang='lat' dir='ltr'><em>Od.</em></span> <span class='ocrx_word' id='word_1_22' title='bbox 1050 776 1164 856; x_wconf 83' lang='lat'>111,5‚</span> <span class='ocrx_word' id='word_1_23' title='bbox 1194 779 1243 834; x_wconf 89' lang='grc'><em>28.</em></span> <span class='ocrx_word' id='word_1_24' title='bbox 1289 785 1402 848; x_wconf 81' lang='lat' dir='ltr'><em>vocula,</em></span> 
     </span>
     <span class='ocr_line' id='line_1_5' title="bbox 201 874 1400 952; baseline -0.002 -16"><span class='ocrx_word' id='word_1_25' title='bbox 201 876 259 937; x_wconf 94' lang='lat' dir='ltr'><em>Od.</em></span> <span class='ocrx_word' id='word_1_26' title='bbox 291 878 355 946; x_wconf 89' lang='grc' dir='ltr'>ΙΙΙ,</span> <span class='ocrx_word' id='word_1_27' title='bbox 387 879 439 947; x_wconf 88' lang='grc'><em>22,</em></span> <span class='ocrx_word' id='word_1_28' title='bbox 477 878 508 934; x_wconf 86' lang='grc'><em>3.</em></span> <span class='ocrx_word' id='word_1_29' title='bbox 553 874 669 943; x_wconf 75' lang='lat' dir='ltr'><em>relictis,</em></span> <span class='ocrx_word' id='word_1_30' title='bbox 695 875 790 949; x_wconf 82' lang='lat' dir='ltr'><em>Epod.</em></span> <span class='ocrx_word' id='word_1_31' title='bbox 820 876 848 945; x_wconf 98' lang='grc' dir='ltr'><em>Ι,</em></span> <span class='ocrx_word' id='word_1_32' title='bbox 881 876 931 932; x_wconf 89' lang='grc'><strong>21.</strong></span> <span class='ocrx_word' id='word_1_33' title='bbox 977 877 1085 952; x_wconf 64' lang='lat' dir='ltr'><em>rogati,</em></span> <span class='ocrx_word' id='word_1_34' title='bbox 1117 877 1215 937; x_wconf 87' lang='lat' dir='ltr'><em>Serm.</em></span> <span class='ocrx_word' id='word_1_35' title='bbox 1248 878 1276 947; x_wconf 92' lang='grc' dir='ltr'><em>Ι,</em></span> <span class='ocrx_word' id='word_1_36' title='bbox 1308 878 1339 946; x_wconf 91' lang='grc'><em>3,</em></span> <span class='ocrx_word' id='word_1_37' title='bbox 1371 879 1400 934; x_wconf 86' lang='grc'><em>2.</em></span> 
     </span>
     <span class='ocr_line' id='line_1_6' title="bbox 200 974 1402 1051; baseline 0.001 -17"><span class='ocrx_word' id='word_1_38' title='bbox 200 977 315 1048; x_wconf 77' lang='lat' dir='ltr'><em>vitiata,</em></span> <span class='ocrx_word' id='word_1_39' title='bbox 334 977 430 1036; x_wconf 85' lang='lat' dir='ltr'><em>Serm.</em></span> <span class='ocrx_word' id='word_1_40' title='bbox 447 978 491 1046; x_wconf 89' lang='grc' dir='ltr'><em>Π,</em></span> <span class='ocrx_word' id='word_1_41' title='bbox 509 978 541 1047; x_wconf 85' lang='grc'><em>4,</em></span> <span class='ocrx_word' id='word_1_42' title='bbox 558 977 609 1032; x_wconf 86' lang='grc'><em>54.</em></span> <span class='ocrx_word' id='word_1_43' title='bbox 655 974 771 1045; x_wconf 77' lang='lat' dir='ltr'><em>iniussi,</em></span> <span class='ocrx_word' id='word_1_44' title='bbox 797 975 893 1034; x_wconf 86' lang='lat' dir='ltr'><em>Serm.</em></span> <span class='ocrx_word' id='word_1_45' title='bbox 919 976 945 1046; x_wconf 90' lang='grc' dir='ltr'><em>Ι,</em></span> <span class='ocrx_word' id='word_1_46' title='bbox 972 976 1002 1047; x_wconf 87' lang='lat'><em>3,</em></span> <span class='ocrx_word' id='word_1_47' title='bbox 1027 976 1057 1034; x_wconf 90' lang='lat'><em>3.</em></span> <span class='ocrx_word' id='word_1_48' title='bbox 1104 978 1238 1047; x_wconf 78' lang='lat' dir='ltr'><em>neclecta,</em></span> <span class='ocrx_word' id='word_1_49' title='bbox 1262 977 1358 1051; x_wconf 82' lang='lat' dir='ltr'><strong>Epist.</strong></span> <span class='ocrx_word' id='word_1_50' title='bbox 1375 979 1402 1046; x_wconf 92' lang='grc' dir='ltr'><em>Ι,</em></span> 
     </span>
     <span class='ocr_line' id='line_1_7' title="bbox 202 1073 1402 1156; baseline 0 -22"><span class='ocrx_word' id='word_1_51' title='bbox 202 1079 308 1148; x_wconf 87' lang='grc'><strong>18,85.</strong></span> <span class='ocrx_word' id='word_1_52' title='bbox 355 1076 402 1135; x_wconf 80' lang='lat' dir='ltr'><em>cf.</em></span> <span class='ocrx_word' id='word_1_53' title='bbox 422 1078 496 1147; x_wconf 84' lang='lat' dir='ltr'><em>als0,</em></span> <span class='ocrx_word' id='word_1_54' title='bbox 516 1074 652 1145; x_wconf 74' lang='lat' dir='ltr'><em>esuriens,</em></span> <span class='ocrx_word' id='word_1_55' title='bbox 671 1073 768 1133; x_wconf 86' lang='lat' dir='ltr'><em>Serm.</em></span> <span class='ocrx_word' id='word_1_56' title='bbox 786 1076 813 1145; x_wconf 89' lang='lat'><em>1,</em></span> <span class='ocrx_word' id='word_1_57' title='bbox 832 1077 862 1145; x_wconf 91' lang='grc'><em>2,</em></span> <span class='ocrx_word' id='word_1_58' title='bbox 882 1077 954 1132; x_wconf 91' lang='grc'><strong>115.</strong></span> <span class='ocrx_word' id='word_1_59' title='bbox 996 1078 1089 1153; x_wconf 79' lang='lat' dir='ltr'><em>posito</em></span> <span class='ocrx_word' id='word_1_60' title='bbox 1101 1098 1226 1156; x_wconf 77' lang='lat' dir='ltr'><em>pavone,</em></span> <span class='ocrx_word' id='word_1_61' title='bbox 1245 1076 1342 1136; x_wconf 85' lang='lat' dir='ltr'><em>Serm.</em></span> <span class='ocrx_word' id='word_1_62' title='bbox 1357 1078 1402 1147; x_wconf 92' lang='grc' dir='ltr'><em>ΙΙ,</em></span> 
     </span>
     <span class='ocr_line' id='line_1_8' title="bbox 200 1175 815 1254; baseline -0.008 -18"><span class='ocrx_word' id='word_1_63' title='bbox 200 1180 230 1249; x_wconf 95' lang='grc'><em>2,</em></span> <span class='ocrx_word' id='word_1_64' title='bbox 249 1175 300 1239; x_wconf 88' lang='grc'><em>23.</em></span> <span class='ocrx_word' id='word_1_65' title='bbox 342 1178 517 1254; x_wconf 74' lang='lat' dir='ltr'><strong><em>impransus,</em></strong></span> <span class='ocrx_word' id='word_1_66' title='bbox 535 1176 632 1250; x_wconf 83' lang='lat' dir='ltr'><strong>Epist.</strong></span> <span class='ocrx_word' id='word_1_67' title='bbox 651 1176 745 1253; x_wconf 83' lang='lat'>1,15,</span> <span class='ocrx_word' id='word_1_68' title='bbox 764 1176 815 1231; x_wconf 88' lang='grc'><em>29.</em></span> 
     </span>
    </p>
   </div>
   <div class='ocr_carea' id='block_1_4' title="bbox 203 1329 551 1399">
    <p class='ocr_par' dir='ltr' id='par_1_4' title="bbox 203 1329 551 1399">
     <span class='ocr_line' id='line_1_9' title="bbox 203 1329 551 1399; baseline -0.017 -10"><span class='ocrx_word' id='word_1_69' title='bbox 203 1330 299 1390; x_wconf 87' lang='lat' dir='ltr'><em>Serm.</em></span> <span class='ocrx_word' id='word_1_70' title='bbox 318 1330 347 1397; x_wconf 94' lang='grc' dir='ltr'><em>Ι,</em></span> <span class='ocrx_word' id='word_1_71' title='bbox 365 1330 396 1399; x_wconf 91' lang='grc'><em>2,</em></span> <span class='ocrx_word' id='word_1_72' title='bbox 415 1329 551 1384; x_wconf 86' lang='grc'><strong>105-106</strong></span> 
     </span>
    </p>
   </div>
   <div class='ocr_carea' id='block_1_5' title="bbox 334 1418 1183 1582">
    <p class='ocr_par' dir='ltr' id='par_1_5' title="bbox 334 1418 1183 1582">
     <span class='ocr_line' id='line_1_10' title="bbox 771 1418 1183 1492; baseline 0.007 -17"><span class='ocrx_word' id='word_1_73' title='bbox 771 1429 928 1492; x_wconf 86' lang='lat' dir='ltr'><em>‘Leporem</em></span> <span class='ocrx_word' id='word_1_74' title='bbox 940 1418 1064 1479; x_wconf 88' lang='lat' dir='ltr'><em>venator</em></span> <span class='ocrx_word' id='word_1_75' title='bbox 1076 1433 1110 1480; x_wconf 91' lang='lat' dir='ltr'><em>ut</em></span> <span class='ocrx_word' id='word_1_76' title='bbox 1121 1429 1183 1478; x_wconf 88' lang='lat' dir='ltr'><em>alta</em></span> 
     </span>
     <span class='ocr_line' id='line_1_11' title="bbox 334 1509 1030 1582; baseline -0.003 -19"><span class='ocrx_word' id='word_1_77' title='bbox 334 1512 366 1563; x_wconf 90' lang='lat' dir='ltr'><em>in</em></span> <span class='ocrx_word' id='word_1_78' title='bbox 378 1511 447 1562; x_wconf 91' lang='lat' dir='ltr'><em>nive</em></span> <span class='ocrx_word' id='word_1_79' title='bbox 461 1514 600 1571; x_wconf 86' lang='lat' dir='ltr'><em>sectetur,</em></span> <span class='ocrx_word' id='word_1_80' title='bbox 609 1509 739 1576; x_wconf 80' lang='lat' dir='ltr'><em>positum</em></span> <span class='ocrx_word' id='word_1_81' title='bbox 753 1509 796 1560; x_wconf 90' lang='lat' dir='ltr'><em>sic</em></span> <span class='ocrx_word' id='word_1_82' title='bbox 808 1515 930 1576; x_wconf 87' lang='lat' dir='ltr'><em>tangere</em></span> <span class='ocrx_word' id='word_1_83' title='bbox 943 1509 1030 1582; x_wconf 81' lang='lat' dir='ltr'><em>nolit&#39;</em></span> 
     </span>
    </p>
   </div>
   <div class='ocr_carea' id='block_1_6' title="bbox 202 1645 553 1716">
    <p class='ocr_par' dir='ltr' id='par_1_6' title="bbox 202 1645 553 1716">
     <span class='ocr_line' id='line_1_12' title="bbox 202 1645 553 1716; baseline -0.014 -10"><span class='ocrx_word' id='word_1_84' title='bbox 202 1645 553 1716; x_wconf 77' lang='lat' dir='ltr'><em>serm.1‚2,111-113</em></span> 
     </span>
    </p>
   </div>
   <div class='ocr_carea' id='block_1_7' title="bbox 334 1776 1151 2013">
    <p class='ocr_par' dir='ltr' id='par_1_7' title="bbox 334 1776 1151 2013">
     <span class='ocr_line' id='line_1_13' title="bbox 335 1776 1151 1845; baseline -0.002 -15"><span class='ocrx_word' id='word_1_85' title='bbox 335 1781 452 1838; x_wconf 88' lang='lat' dir='ltr'><em>Nonne,</em></span> <span class='ocrx_word' id='word_1_86' title='bbox 467 1776 660 1843; x_wconf 86' lang='lat' dir='ltr'>cupidinibus</span> <span class='ocrx_word' id='word_1_87' title='bbox 673 1781 786 1828; x_wconf 87' lang='lat' dir='ltr'><em>statuat</em></span> <span class='ocrx_word' id='word_1_88' title='bbox 798 1781 904 1828; x_wconf 88' lang='lat' dir='ltr'><em>natura</em></span> <span class='ocrx_word' id='word_1_89' title='bbox 916 1776 1041 1827; x_wconf 88' lang='lat' dir='ltr'><em>modum</em></span> <span class='ocrx_word' id='word_1_90' title='bbox 1053 1792 1151 1845; x_wconf 91' lang='lat' dir='ltr'><em>quem,</em></span> 
     </span>
     <span class='ocr_line' id='line_1_14' title="bbox 336 1859 1045 1929; baseline -0.003 -17"><span class='ocrx_word' id='word_1_91' title='bbox 336 1861 408 1929; x_wconf 90' lang='lat' dir='ltr'><em>quid</em></span> <span class='ocrx_word' id='word_1_92' title='bbox 420 1862 528 1920; x_wconf 88' lang='lat' dir='ltr'><em>latura,</em></span> <span class='ocrx_word' id='word_1_93' title='bbox 543 1860 600 1911; x_wconf 87' lang='lat' dir='ltr'>sibi</span> <span class='ocrx_word' id='word_1_94' title='bbox 612 1859 685 1926; x_wconf 93' lang='lat' dir='ltr'><em>quid</em></span> <span class='ocrx_word' id='word_1_95' title='bbox 698 1859 738 1911; x_wconf 89' lang='lat' dir='ltr'><em>sit</em></span> <span class='ocrx_word' id='word_1_96' title='bbox 749 1859 882 1911; x_wconf 85' lang='lat' dir='ltr'><em>dolitura</em></span> <span class='ocrx_word' id='word_1_97' title='bbox 894 1862 1045 1925; x_wconf 82' lang='lat' dir='ltr'><em>negatum,</em></span> 
     </span>
     <span class='ocr_line' id='line_1_15' title="bbox 334 1942 1138 2013; baseline -0.002 -17"><span class='ocrx_word' id='word_1_98' title='bbox 334 1959 474 2013; x_wconf 86' lang='lat' dir='ltr'><em>quaerere</em></span> <span class='ocrx_word' id='word_1_99' title='bbox 487 1945 556 2009; x_wconf 88' lang='lat' dir='ltr'><em>plus</em></span> <span class='ocrx_word' id='word_1_100' title='bbox 569 1942 692 2010; x_wconf 89' lang='lat' dir='ltr'><em>prodest</em></span> <span class='ocrx_word' id='word_1_101' title='bbox 703 1949 734 1994; x_wconf 93' lang='lat' dir='ltr'><em>et</em></span> <span class='ocrx_word' id='word_1_102' title='bbox 745 1943 834 1994; x_wconf 88' lang='lat' dir='ltr'><em>inane</em></span> <span class='ocrx_word' id='word_1_103' title='bbox 846 1943 1019 1995; x_wconf 89' lang='lat' dir='ltr'><em>abscindere</em></span> <span class='ocrx_word' id='word_1_104' title='bbox 1033 1943 1138 1995; x_wconf 76' lang='lat' dir='ltr'><em>coldo?</em></span> 
     </span>
    </p>
   </div>
   <div class='ocr_carea' id='block_1_8' title="bbox 202 2079 679 2150">
    <p class='ocr_par' dir='ltr' id='par_1_8' title="bbox 202 2079 679 2150">
     <span class='ocr_line' id='line_1_16' title="bbox 202 2079 679 2150; baseline -0.015 -10"><span class='ocrx_word' id='word_1_105' title='bbox 202 2081 298 2141; x_wconf 85' lang='lat' dir='ltr'><em>Serm.</em></span> <span class='ocrx_word' id='word_1_106' title='bbox 317 2080 361 2150; x_wconf 89' lang='grc' dir='ltr'><em>ΙΙ,</em></span> <span class='ocrx_word' id='word_1_107' title='bbox 380 2082 411 2146; x_wconf 91' lang='grc'><em>5,</em></span> <span class='ocrx_word' id='word_1_108' title='bbox 431 2080 565 2136; x_wconf 80' lang='grc'><strong>104-105</strong></span> <span class='ocrx_word' id='word_1_109' title='bbox 675 2079 679 2085; x_wconf 83' lang='grc'><em>’</em></span> 
     </span>
    </p>
   </div>
   <div class='ocr_carea' id='block_1_9' title="bbox 328 2178 1071 2328">
    <p class='ocr_par' dir='ltr' id='par_1_9' title="bbox 328 2178 1071 2328">
     <span class='ocr_line' id='line_1_17' title="bbox 892 2178 1071 2244; baseline -0.017 -14"><span class='ocrx_word' id='word_1_110' title='bbox 892 2178 1071 2244; x_wconf 86' lang='lat' dir='ltr'><em>Sepulcrum</em></span> 
     </span>
     <span class='ocr_line' id='line_1_18' title="bbox 328 2258 1004 2328; baseline -0.003 -15"><span class='ocrx_word' id='word_1_111' title='bbox 328 2260 507 2328; x_wconf 80' lang='lat' dir='ltr'><em>permissum</em></span> <span class='ocrx_word' id='word_1_112' title='bbox 519 2259 644 2311; x_wconf 87' lang='lat' dir='ltr'><em>arbitrio</em></span> <span class='ocrx_word' id='word_1_113' title='bbox 656 2259 720 2311; x_wconf 92' lang='lat' dir='ltr'><em>sine</em></span> <span class='ocrx_word' id='word_1_114' title='bbox 733 2258 871 2311; x_wconf 87' lang='lat' dir='ltr'><em>sordibus</em></span> <span class='ocrx_word' id='word_1_115' title='bbox 882 2265 1004 2311; x_wconf 87' lang='lat' dir='ltr'><em>extrue:</em></span> 
     </span>
    </p>
   </div>
   <div class='ocr_carea' id='block_1_10' title="bbox 204 2397 510 2473">
    <p class='ocr_par' dir='ltr' id='par_1_10' title="bbox 204 2397 510 2473">
     <span class='ocr_line' id='line_1_19' title="bbox 204 2397 510 2473; baseline -0.013 -17"><span class='ocrx_word' id='word_1_116' title='bbox 204 2399 301 2473; x_wconf 83' lang='lat' dir='ltr'>Epist.</span> <span class='ocrx_word' id='word_1_117' title='bbox 320 2399 348 2468; x_wconf 88' lang='lat'><em>1,</em></span> <span class='ocrx_word' id='word_1_118' title='bbox 368 2401 398 2466; x_wconf 91' lang='grc'><em>1,</em></span> <span class='ocrx_word' id='word_1_119' title='bbox 416 2397 510 2453; x_wconf 76' lang='grc'><strong>2326</strong></span> 
     </span>
    </p>
   </div>
   <div class='ocr_carea' id='block_1_11' title="bbox 275 2526 1204 2846">
    <p class='ocr_par' dir='ltr' id='par_1_11' title="bbox 332 2526 1204 2678">
     <span class='ocr_line' id='line_1_20' title="bbox 333 2526 1204 2595; baseline -0.002 -15"><span class='ocrx_word' id='word_1_120' title='bbox 333 2529 376 2580; x_wconf 90' lang='lat' dir='ltr'><em>sic</em></span> <span class='ocrx_word' id='word_1_121' title='bbox 389 2528 464 2579; x_wconf 91' lang='lat' dir='ltr'><em>mihi</em></span> <span class='ocrx_word' id='word_1_122' title='bbox 477 2528 561 2579; x_wconf 90' lang='lat' dir='ltr'><em>tarda</em></span> <span class='ocrx_word' id='word_1_123' title='bbox 574 2528 673 2578; x_wconf 89' lang='lat' dir='ltr'><em>fluunt</em></span> <span class='ocrx_word' id='word_1_124' title='bbox 684 2526 859 2593; x_wconf 89' lang='lat' dir='ltr'><em>ingrataque</em></span> <span class='ocrx_word' id='word_1_125' title='bbox 872 2533 1017 2594; x_wconf 88' lang='lat' dir='ltr'><em>tempora,</em></span> <span class='ocrx_word' id='word_1_126' title='bbox 1031 2543 1107 2594; x_wconf 91' lang='lat' dir='ltr'><em>quae</em></span> <span class='ocrx_word' id='word_1_127' title='bbox 1120 2543 1204 2595; x_wconf 88' lang='lat' dir='ltr'><em>spem</em></span> 
     </span>
     <span class='ocr_line' id='line_1_21' title="bbox 332 2609 1102 2678; baseline -0.001 -15"><span class='ocrx_word' id='word_1_128' title='bbox 332 2611 551 2678; x_wconf 87' lang='lat' dir='ltr'><em>consiliumque</em></span> <span class='ocrx_word' id='word_1_129' title='bbox 564 2615 718 2662; x_wconf 90' lang='lat' dir='ltr'><em>morantur</em></span> <span class='ocrx_word' id='word_1_130' title='bbox 729 2610 838 2676; x_wconf 90' lang='lat' dir='ltr'><em>agendi</em></span> <span class='ocrx_word' id='word_1_131' title='bbox 850 2609 967 2663; x_wconf 89' lang='lat' dir='ltr'><em>naviter</em></span> <span class='ocrx_word' id='word_1_132' title='bbox 978 2611 1009 2662; x_wconf 93' lang='lat' dir='ltr'><em>id</em></span> <span class='ocrx_word' id='word_1_133' title='bbox 1022 2611 1102 2677; x_wconf 91' lang='lat' dir='ltr'><em>qnod</em></span> 
     </span>
    </p>

    <p class='ocr_par' dir='ltr' id='par_1_12' title="bbox 275 2693 1090 2846">
     <span class='ocr_line' id='line_1_22' title="bbox 275 2693 1090 2763; baseline -0.001 -17"><span class='ocrx_word' id='word_1_134' title='bbox 275 2721 281 2733; x_wconf 90' lang='lat'><strong>·</strong></span> <span class='ocrx_word' id='word_1_135' title='bbox 330 2711 423 2763; x_wconf 90' lang='lat' dir='ltr'><em>aeque</em></span> <span class='ocrx_word' id='word_1_136' title='bbox 436 2694 618 2761; x_wconf 85' lang='lat' dir='ltr'><em>pauperibus</em></span> <span class='ocrx_word' id='word_1_137' title='bbox 631 2694 762 2759; x_wconf 89' lang='lat' dir='ltr'><em>prodest,</em></span> <span class='ocrx_word' id='word_1_138' title='bbox 775 2693 978 2759; x_wconf 88' lang='lat' dir='ltr'><em>locupletibus</em></span> <span class='ocrx_word' id='word_1_139' title='bbox 987 2710 1090 2760; x_wconf 87' lang='lat' dir='ltr'><em>aeque,</em></span> 
     </span>
     <span class='ocr_line' id='line_1_23' title="bbox 331 2776 1036 2846; baseline -0.003 -15"><span class='ocrx_word' id='word_1_140' title='bbox 331 2795 422 2846; x_wconf 91' lang='lat' dir='ltr'><em>aeque</em></span> <span class='ocrx_word' id='word_1_141' title='bbox 435 2778 589 2831; x_wconf 83' lang='lat' dir='ltr'><em>neclectum</em></span> <span class='ocrx_word' id='word_1_142' title='bbox 602 2776 703 2844; x_wconf 88' lang='lat' dir='ltr'><em>pneris</em></span> <span class='ocrx_word' id='word_1_143' title='bbox 715 2776 895 2845; x_wconf 88' lang='lat' dir='ltr'><em>senibusque</em></span> <span class='ocrx_word' id='word_1_144' title='bbox 907 2776 1036 2829; x_wconf 86' lang='lat' dir='ltr'><em>nocebit.</em></span> 
     </span>
    </p>
   </div>
   <div class='ocr_carea' id='block_1_12' title="bbox 198 2915 524 2990">
    <p class='ocr_par' dir='ltr' id='par_1_13' title="bbox 198 2915 524 2990">
     <span class='ocr_line' id='line_1_24' title="bbox 198 2915 524 2990; baseline -0.012 -17"><span class='ocrx_word' id='word_1_145' title='bbox 198 2915 295 2990; x_wconf 85' lang='lat' dir='ltr'><em>Epist.</em></span> <span class='ocrx_word' id='word_1_146' title='bbox 315 2915 342 2982; x_wconf 93' lang='grc' dir='ltr'><em>Ι,</em></span> <span class='ocrx_word' id='word_1_147' title='bbox 363 2916 412 2984; x_wconf 92' lang='grc'><em>10,</em></span> <span class='ocrx_word' id='word_1_148' title='bbox 432 2915 524 2971; x_wconf 86' lang='lat'>30-31</span> 
     </span>
    </p>
   </div>
   <div class='ocr_carea' id='block_1_13' title="bbox 331 3044 1060 3196">
    <p class='ocr_par' dir='ltr' id='par_1_14' title="bbox 331 3044 1060 3196">
     <span class='ocr_line' id='line_1_25' title="bbox 331 3044 1060 3112; baseline -0.001 -15"><span class='ocrx_word' id='word_1_149' title='bbox 331 3048 426 3111; x_wconf 82' lang='lat' dir='ltr'><em>Quem</em></span> <span class='ocrx_word' id='word_1_150' title='bbox 439 3062 486 3098; x_wconf 91' lang='lat' dir='ltr'><em>res</em></span> <span class='ocrx_word' id='word_1_151' title='bbox 498 3046 567 3112; x_wconf 88' lang='lat' dir='ltr'><em>plus</em></span> <span class='ocrx_word' id='word_1_152' title='bbox 576 3044 670 3096; x_wconf 91' lang='lat' dir='ltr'><em>nimio</em></span> <span class='ocrx_word' id='word_1_153' title='bbox 682 3044 867 3096; x_wconf 87' lang='lat' dir='ltr'><em>delectavere</em></span> <span class='ocrx_word' id='word_1_154' title='bbox 879 3044 1035 3106; x_wconf 85' lang='lat' dir='ltr'><em>secundae,</em></span> <span class='ocrx_word' id='word_1_155' title='bbox 1058 3062 1060 3066; x_wconf 93' lang='lat'>·</span> 
     </span>
     <span class='ocr_line' id='line_1_26' title="bbox 331 3128 618 3196; baseline -0.007 -16"><span class='ocrx_word' id='word_1_156' title='bbox 331 3131 462 3182; x_wconf 83' lang='lat' dir='ltr'><em>mutatae</em></span> <span class='ocrx_word' id='word_1_157' title='bbox 473 3128 618 3196; x_wconf 83' lang='lat' dir='ltr'><em>quatient.</em></span> 
     </span>
    </p>
   </div>
   <div class='ocr_carea' id='block_1_14' title="bbox 198 3265 1112 3514">
    <p class='ocr_par' dir='ltr' id='par_1_15' title="bbox 198 3265 1112 3514">
     <span class='ocr_line' id='line_1_27' title="bbox 198 3265 562 3340; baseline -0.008 -17"><span class='ocrx_word' id='word_1_158' title='bbox 198 3265 295 3340; x_wconf 83' lang='lat' dir='ltr'><em>Epist.</em></span> <span class='ocrx_word' id='word_1_159' title='bbox 314 3265 361 3335; x_wconf 96' lang='grc' dir='ltr'><em>ΙΙ,</em></span> <span class='ocrx_word' id='word_1_160' title='bbox 380 3267 409 3334; x_wconf 92' lang='grc'><em>1,</em></span> <span class='ocrx_word' id='word_1_161' title='bbox 430 3265 562 3321; x_wconf 90' lang='grc'><strong>180-181</strong></span> 
     </span>
     <span class='ocr_line' id='line_1_28' title="bbox 660 3359 1067 3420; baseline -0.002 -8"><span class='ocrx_word' id='word_1_162' title='bbox 660 3360 767 3412; x_wconf 90' lang='lat' dir='ltr'><em>Valeat</em></span> <span class='ocrx_word' id='word_1_163' title='bbox 778 3376 825 3412; x_wconf 86' lang='lat' dir='ltr'><em>res</em></span> <span class='ocrx_word' id='word_1_164' title='bbox 837 3359 962 3420; x_wconf 86' lang='lat' dir='ltr'><em>ludicra,</em></span> <span class='ocrx_word' id='word_1_165' title='bbox 982 3360 1008 3412; x_wconf 88' lang='lat' dir='ltr'><em>si</em></span> <span class='ocrx_word' id='word_1_166' title='bbox 1020 3377 1067 3411; x_wconf 93' lang='lat' dir='ltr'><em>me</em></span> 
     </span>
     <span class='ocr_line' id='line_1_29' title="bbox 331 3443 1112 3514; baseline -0.005 -16"><span class='ocrx_word' id='word_1_167' title='bbox 331 3447 430 3514; x_wconf 89' lang='lat' dir='ltr'><em>palma</em></span> <span class='ocrx_word' id='word_1_168' title='bbox 441 3447 547 3511; x_wconf 83' lang='lat' dir='ltr'><em>negato</em></span> <span class='ocrx_word' id='word_1_169' title='bbox 561 3460 704 3505; x_wconf 89' lang='lat' dir='ltr'><em>macrum,</em></span> <span class='ocrx_word' id='word_1_170' title='bbox 717 3444 825 3496; x_wconf 81' lang='lat' dir='ltr'><em>donato</em></span> <span class='ocrx_word' id='word_1_171' title='bbox 838 3443 956 3495; x_wconf 89' lang='lat' dir='ltr'><em>reducit</em></span> <span class='ocrx_word' id='word_1_172' title='bbox 967 3444 1112 3511; x_wconf 88' lang='lat' dir='ltr'><em>opimum.</em></span> 
     </span>
    </p>
   </div>
   <div class='ocr_carea' id='block_1_15' title="bbox 202 3584 1098 3761">
    <p class='ocr_par' dir='ltr' id='par_1_16' title="bbox 202 3584 1098 3761">
     <span class='ocr_line' id='line_1_30' title="bbox 202 3584 353 3642; baseline -0.013 0"><span class='ocrx_word' id='word_1_173' title='bbox 202 3585 241 3642; x_wconf 81' lang='lat' dir='ltr'><em>A.</em></span> <span class='ocrx_word' id='word_1_174' title='bbox 259 3585 295 3641; x_wconf 91' lang='grc' dir='ltr'><em>Ρ.</em></span> <span class='ocrx_word' id='word_1_175' title='bbox 315 3584 353 3640; x_wconf 78' lang='grc'><em>27</em></span> 
     </span>
     <span class='ocr_line' id='line_1_31' title="bbox 340 3693 1098 3761; baseline 0.001 -16"><span class='ocrx_word' id='word_1_176' title='bbox 340 3731 676 3746; x_wconf 85' lang='grc'><strong>.....................</strong></span> <span class='ocrx_word' id='word_1_177' title='bbox 677 3693 827 3761; x_wconf 77' lang='lat' dir='ltr'><em>professus</em></span> <span class='ocrx_word' id='word_1_178' title='bbox 843 3693 968 3761; x_wconf 88' lang='lat' dir='ltr'><em>grandia</em></span> <span class='ocrx_word' id='word_1_179' title='bbox 980 3700 1081 3761; x_wconf 87' lang='lat' dir='ltr'><em>turget</em></span> <span class='ocrx_word' id='word_1_180' title='bbox 1091 3710 1098 3758; x_wconf 91' lang='lat'>;</span> 
     </span>
    </p>
   </div>
   <div class='ocr_carea' id='block_1_16' title="bbox 199 3835 355 3893">
    <p class='ocr_par' dir='ltr' id='par_1_17' title="bbox 199 3835 355 3893">
     <span class='ocr_line' id='line_1_32' title="bbox 199 3835 355 3893; baseline -0.019 -1"><span class='ocrx_word' id='word_1_181' title='bbox 199 3836 240 3892; x_wconf 83' lang='lat' dir='ltr'><em>A.</em></span> <span class='ocrx_word' id='word_1_182' title='bbox 259 3835 295 3893; x_wconf 93' lang='lat' dir='ltr'><em>P.</em></span> <span class='ocrx_word' id='word_1_183' title='bbox 318 3835 355 3891; x_wconf 91' lang='grc'><em>51</em></span> 
     </span>
    </p>
   </div>
   <div class='ocr_carea' id='block_1_17' title="bbox 338 3944 1097 4012">
    <p class='ocr_par' dir='ltr' id='par_1_18' title="bbox 338 3944 1097 4012">
     <span class='ocr_line' id='line_1_33' title="bbox 338 3944 1097 4012; baseline 0.001 -15"><span class='ocrx_word' id='word_1_184' title='bbox 338 3983 459 3997; x_wconf 86' lang='grc'><strong>........</strong></span> <span class='ocrx_word' id='word_1_185' title='bbox 465 3945 642 4012; x_wconf 90' lang='lat' dir='ltr'><em>dabiturque</em></span> <span class='ocrx_word' id='word_1_186' title='bbox 661 3944 783 3996; x_wconf 88' lang='lat' dir='ltr'><em>licentia</em></span> <span class='ocrx_word' id='word_1_187' title='bbox 800 3947 915 4011; x_wconf 83' lang='lat' dir='ltr'><em>sumpta</em></span> <span class='ocrx_word' id='word_1_188' title='bbox 934 3945 1097 4012; x_wconf 89' lang='lat' dir='ltr'><em>pudenter:</em></span> 
     </span>
    </p>
   </div>
   <div class='ocr_carea' id='block_1_18' title="bbox 199 4084 450 4144">
    <p class='ocr_par' dir='ltr' id='par_1_19' title="bbox 199 4084 450 4144">
     <span class='ocr_line' id='line_1_34' title="bbox 199 4084 450 4144; baseline -0.024 0"><span class='ocrx_word' id='word_1_189' title='bbox 199 4088 240 4144; x_wconf 87' lang='lat' dir='ltr'><em>A.</em></span> <span class='ocrx_word' id='word_1_190' title='bbox 258 4087 294 4143; x_wconf 93' lang='lat' dir='ltr'><em>P.</em></span> <span class='ocrx_word' id='word_1_191' title='bbox 314 4084 450 4141; x_wconf 82' lang='grc'><strong>240-242</strong></span> 
     </span>
    </p>
   </div>
   <div class='ocr_carea' id='block_1_19' title="bbox 332 4211 1087 4435">
    <p class='ocr_par' dir='ltr' id='par_1_20' title="bbox 332 4211 1087 4435">
     <span class='ocr_line' id='line_1_35' title="bbox 332 4211 1069 4281; baseline -0.004 -14"><span class='ocrx_word' id='word_1_192' title='bbox 332 4219 379 4272; x_wconf 87' lang='lat' dir='ltr'><em>Ex</em></span> <span class='ocrx_word' id='word_1_193' title='bbox 391 4221 464 4266; x_wconf 92' lang='lat' dir='ltr'><em>noto</em></span> <span class='ocrx_word' id='word_1_194' title='bbox 475 4216 578 4265; x_wconf 88' lang='lat' dir='ltr'><em>fictum</em></span> <span class='ocrx_word' id='word_1_195' title='bbox 591 4228 710 4264; x_wconf 90' lang='lat' dir='ltr'><em>carmen</em></span> <span class='ocrx_word' id='word_1_196' title='bbox 724 4229 839 4280; x_wconf 88' lang='lat' dir='ltr'><em>sequar,</em></span> <span class='ocrx_word' id='word_1_197' title='bbox 854 4217 888 4264; x_wconf 92' lang='lat' dir='ltr'><em>ut</em></span> <span class='ocrx_word' id='word_1_198' title='bbox 900 4212 957 4264; x_wconf 86' lang='lat' dir='ltr'><em>sibi</em></span> <span class='ocrx_word' id='word_1_199' title='bbox 970 4211 1069 4281; x_wconf 85' lang='lat' dir='ltr'><em>quivis</em></span> 
     </span>
     <span class='ocr_line' id='line_1_36' title="bbox 332 4296 1087 4366; baseline -0.003 -16"><span class='ocrx_word' id='word_1_200' title='bbox 332 4304 432 4366; x_wconf 87' lang='lat' dir='ltr'><em>speret</em></span> <span class='ocrx_word' id='word_1_201' title='bbox 443 4298 532 4358; x_wconf 91' lang='lat' dir='ltr'><em>idem,</em></span> <span class='ocrx_word' id='word_1_202' title='bbox 547 4297 635 4348; x_wconf 90' lang='lat' dir='ltr'><em>sudet</em></span> <span class='ocrx_word' id='word_1_203' title='bbox 647 4298 778 4347; x_wconf 91' lang='lat' dir='ltr'><em>multum</em></span> <span class='ocrx_word' id='word_1_204' title='bbox 790 4296 958 4363; x_wconf 83' lang='lat' dir='ltr'><em>frustraque</em></span> <span class='ocrx_word' id='word_1_205' title='bbox 971 4296 1087 4348; x_wconf 88' lang='lat' dir='ltr'><em>laboret</em></span> 
     </span>
     <span class='ocr_line' id='line_1_37' title="bbox 332 4382 532 4435; baseline -0.02 0"><span class='ocrx_word' id='word_1_206' title='bbox 332 4398 422 4435; x_wconf 86' lang='lat' dir='ltr'><em>ausus</em></span> <span class='ocrx_word' id='word_1_207' title='bbox 433 4382 515 4433; x_wconf 89' lang='lat' dir='ltr'><em>idem</em></span> <span class='ocrx_word' id='word_1_208' title='bbox 526 4397 532 4431; x_wconf 82' lang='lat' dir='ltr'>z</span> 
     </span>
    </p>
   </div>
   <div class='ocr_carea' id='block_1_20' title="bbox 0 0 1602 5250">
    <p class='ocr_par' dir='ltr' id='par_1_21' title="bbox 0 0 1602 5250">
     <span class='ocr_line' id='line_1_38' title="bbox 0 0 1602 5250; baseline 0 0"><span class='ocrx_word' id='word_1_209' title='bbox 0 0 1602 5250; x_wconf 95' lang='lat' dir='ltr'><em> </em></span> 
     </span>
    </p>
   </div>
  </div>
 </body>
</html>
