3194 5250
788 422 826 478 87

203 605 290 682 106).
337 605 384 682 3).
408 603 560 679 Apodosis
576 604 765 678 represented
781 605 820 680 by
835 623 873 660 au
886 602 1045 679 adjective.

245 723 285 780 A.
315 719 353 780 si
366 741 436 778 aon.

203 872 300 931 Ssrm.
317 872 362 940 ΙΙ,
380 873 411 940 8,
429 872 526 928 92-93

336 1003 436 1056 suavis
448 1020 505 1065 res,
521 1002 546 1055 si
558 1018 619 1054 non
632 1018 736 1055 causas
748 1008 882 1055 narraret
893 1019 996 1055 earum
1008 1009 1039 1055 et

337 1093 459 1138 naturas
471 1086 628 1138 dominus:

245 1207 280 1264 B.
307 1205 361 1262 Μ.

203 1356 300 1431 upra.
319 1357 347 1423 Ι,
368 1357 418 1425 16,
436 1357 488 1413 5-6

337 1487 480 1540 Continui
492 1493 618 1549 montes,
633 1487 665 1538 ni
677 1487 878 1540 dissocientur
889 1504 981 1555 opaca

337 1573 427 1633 valle,

242 1707 307 1764 The
330 1707 480 1782 Apodosis
509 1706 535 1763 is
558 1705 678 1780 impliod
701 1706 730 1763 in
755 1706 895 1776 continui,
920 1717 950 1764 to
980 1708 1078 1765 which
1101 1708 1134 1765 ni
1157 1708 1349 1767 dissocientur
1379 1710 1405 1767 is

203 1807 298 1864 added
314 1826 347 1864 as
363 1826 381 1863 a
395 1807 571 1876 correction,
589 1825 623 1863 as
638 1807 662 1864 it
673 1826 762 1863 were.

205 2035 296 2110 107).
342 2035 393 2110 4).
416 2035 481 2092 The
496 2033 647 2092 condition
663 2034 798 2108 qualifies
814 2055 832 2090 a
848 2035 1014 2109 participle.

244 2136 369 2192 Present
384 2134 558 2208 Participle.

245 2237 286 2292 A.
314 2232 361 2292 Si.

203 2380 301 2444 Serm.
320 2386 366 2454 ΙΙ,
383 2388 412 2454 1,
431 2386 525 2442 31-32

600 2498 696 2551 neque
706 2483 732 2535 si
745 2484 823 2535 male
836 2489 965 2536 cesserat
977 2501 1103 2552 usquam

333 2567 495 2619 decurrens
507 2566 578 2627 alio,
592 2582 687 2634 neque
701 2566 828 2619 sibene:

242 2702 277 2760 B.
303 2699 341 2759 Si
354 2721 424 2758 aon.

199 2850 258 2911 Od.
277 2853 339 2921 ΙΙΙ,
358 2854 388 2921 5,
409 2852 502 2909 13·18

331 2987 396 3036 Hoc
408 2990 526 3038 caverat
538 2999 622 3036 mens
635 2983 760 3050 provida
773 2983 884 3051 Reguli

330 3066 543 3120 Dissentientis
555 3065 779 3119 condicionibus

364 3150 472 3202 Foedis
484 3157 515 3202 et
526 3150 666 3216 exemplo
678 3149 827 3202 trahentis

397 3233 562 3286 Perniciem
575 3233 698 3286 veniens
709 3233 741 3284 in
753 3248 867 3294 aevom,

330 3317 362 3370 Si
375 3332 435 3369 non
448 3316 560 3384 periret
573 3315 787 3368 inmiserabilis

330 3401 454 3468 Captiva
466 3399 568 3467 pubes.

240 3536 276 3597 C.
323 3536 376 3594 M.

198 3709 295 3767 Serm.
309 3705 338 3773 Ι,
356 3706 387 3766 2.
405 3705 443 3761 95

330 3843 436 3897 cetera,
452 3834 482 3886 ni
496 3835 579 3887 Catia
590 3839 646 3894 est,
660 3832 790 3886 demissa
799 3839 880 3886 veste
893 3833 1031 3901 tegentis.

238 3970 358 4031 Perfoct
371 3969 543 4044 Participlo.

239 4075 280 4132 A.
308 4070 356 4130 si.

197 4225 295 4300 upra.
309 4223 355 4292 11,
376 4227 404 4292 1,
424 4221 558 4277 184-185

627 4342 658 4386 et
669 4335 840 4401 depugnare
858 4335 964 4400 parati,

331 4422 357 4474 si
369 4420 520 4474 discordet
532 4435 631 4486 eques,
