3194 5250
724 424 761 480 27

245 603 291 675 c).
338 600 431 656 Third
449 601 560 657 Person
576 601 691 658 Plursl.

143 714 200 774 Od.
219 717 263 785 11,
282 717 312 785 6,
329 717 402 772 9-12

274 832 359 884 Unde
372 830 397 882 si
411 833 517 883 Parcae
529 831 689 898 prohibent
701 832 830 901 iniquae,

275 915 368 965 Dulce
381 914 497 980 pellitis
509 915 614 967 ovibus
627 915 745 967 Galaesi

278 999 405 1049 Flumen
417 1003 448 1049 et
459 1004 580 1063 regnata
592 1005 690 1065 petam
703 999 812 1055 Laconi

309 1084 389 1131 Rura
402 1082 581 1133 Phalantho.

247 1214 290 1274 Or
301 1223 399 1292 petam
414 1235 483 1293 may
498 1217 534 1274 be
550 1217 637 1274 taken
654 1235 687 1274 as
704 1217 816 1274 Futura
839 1218 1016 1275 Indicstive.

247 1317 275 1373 2.
319 1317 485 1393 Hortatory
501 1315 695 1392 subjunctive
712 1317 741 1374 in
757 1317 807 1374 the
822 1318 983 1392 Apodosis.

184 1419 224 1474 A.
250 1418 382 1474 Protasis
400 1417 571 1474 introduced
587 1419 626 1493 by
640 1416 674 1473 si.

247 1523 296 1591 a).
342 1519 436 1576 Third
454 1519 565 1575 Person
582 1515 734 1592 Singulas.

144 1649 202 1709 Od.
221 1651 282 1721 111,
301 1653 352 1721 24,
369 1651 465 1708 45-50

274 1769 331 1818 Vel
343 1783 397 1819 nos
410 1766 441 1818 in
454 1765 645 1833 Capitolium,

311 1852 377 1915 Quo
389 1851 502 1901 clamor
514 1854 601 1901 vocat
611 1854 641 1900 et
652 1849 740 1900 turba
752 1850 926 1911 faventium,

248 1974 249 1979 ¹
276 1935 333 1985 Vel
345 1950 400 1985 nos
412 1933 443 1994 in
456 1949 536 1984 mare
548 1932 719 1999 proximum

309 2019 452 2068 Gemmas.
460 2022 491 2068 et
503 2016 618 2083 lapides
631 2032 735 2067 aurum
747 2022 779 2068 et
789 2016 907 2078 inutile,

273 2101 388 2153 Summi
400 2100 553 2153 materiem
565 2100 645 2163 mali,

308 2184 473 2246 Mittamus,
488 2185 634 2236 scelerum
647 2184 757 2236 sibene
770 2183 910 2251 paenitet.

143 2306 239 2382 Epist.
255 2307 282 2376 1,
301 2307 330 2376 6,
349 2307 445 2363 49-50

274 2422 305 2475 Si
318 2423 503 2475 fortunatum
516 2420 629 2489 species
641 2427 671 2473 et
682 2420 776 2488 gratia
788 2427 927 2488 praestat,
941 2410 946 2419 ¹

277 2521 442 2557 mercemur
454 2520 582 2566 servum,
597 2504 649 2572 qui
660 2504 753 2557 dictet
765 2505 895 2567 nomina,

142 2624 238 2698 Epist.
258 2625 285 2692 Ι,
304 2626 333 2695 6,
352 2624 446 2682 56-57

277 2739 309 2792 Si
321 2741 395 2791 bene
409 2739 459 2807 qui
473 2745 559 2792 cenat
569 2741 644 2792 bene
656 2741 740 2802 vivit,
755 2741 844 2802 lucet,
858 2756 959 2792 eamus

275 2839 334 2890 quo
346 2823 431 2875 ducit
441 2825 523 2890 gula,
538 2824 696 2890 piscamur,
711 2839 862 2885 venemur,

250 2943 300 3013 b).
347 2942 428 2998 First
443 2942 555 2999 Person
571 2942 686 2999 Plural.

142 3042 237 3116 Epist.
254 3042 281 3111 Ι,
296 3042 326 3108 3,
345 3042 438 3098 28-29

275 3160 340 3207 Hoc
354 3172 439 3223 opus,
453 3158 508 3208 hoc
521 3157 654 3209 studium
667 3157 750 3223 parvi
763 3172 956 3224 properemus
968 3163 997 3208 et
1009 3157 1112 3223 ampli,

276 3240 301 3292 si
314 3239 426 3307 patriae
439 3242 588 3302 volumus,
602 3241 628 3292 si
642 3240 728 3292 nobis
740 3240 838 3293 vivere
851 3240 919 3292 cari.

246 3376 275 3432 3.
320 3375 443 3434 dussive
461 3375 655 3451 subjunctive
672 3376 700 3431 in
717 3376 766 3432 the
783 3375 942 3450 Apodosis.

185 3478 223 3534 A.
249 3476 384 3534 Protasis
401 3475 573 3533 introduced
589 3478 628 3554 by
643 3475 678 3532 si.

246 3579 295 3650 a).
344 3574 458 3634 Second
474 3576 585 3633 Person
603 3575 755 3650 Singular.

143 3697 184 3752 A.
202 3694 237 3751 P.
255 3693 390 3749 120·122

275 3808 410 3874 Scriptor
422 3809 601 3859 honoratum
615 3807 639 3859 si
653 3809 728 3859 forte
742 3808 861 3874 reponis
874 3808 1033 3868 Achillem,

273 3890 410 3958 impiger,
424 3891 595 3953 iracundus,
611 3891 813 3951 inexorabilis,
827 3907 893 3942 acer

273 3974 338 4025 iura
351 3981 439 4041 neget
451 3975 508 4026 sibi
525 3981 603 4036 nata,
618 3974 696 4026 nihil
709 3990 768 4026 non
781 3980 899 4041 arroget
910 3975 1008 4026 armis.

143 4097 184 4153 A.
200 4095 237 4152 Ρ.
258 4094 392 4150 lto-127

274 4207 378 4276 Siquid
390 4208 584 4276 inexpertum
597 4225 717 4261 scaenae
730 4208 893 4260 committis
904 4213 936 4259 et
947 4208 1037 4259 audcs

274 4307 431 4357 personam
445 4294 571 4344 formare
583 4309 699 4353 novam,
714 4298 848 4345 servetur
859 4292 896 4343 ad
908 4291 1011 4352 imum,

277 4374 374 4442 qualis
386 4376 422 4427 ab
435 4376 554 4443 inccpto
567 4376 751 4443 processerit,
765 4382 795 4427 et
808 4375 863 4427 sibi
876 4380 1000 4426 constet.

249 4495 299 4567 b).
344 4495 438 4551 Third
454 4497 566 4554 Persou
585 4495 736 4570 Singular.
