3194 5250
303 580 399 638 Serm.
418 582 444 650 Ι,
466 584 495 650 1,
513 581 608 638 80-83

432 700 471 748 At
482 696 507 747 si
520 696 673 748 condoluit
684 702 863 763 temptatum
876 697 984 763 frigore
997 713 1105 764 corpus

431 786 482 831 aut
494 779 572 831 alius
584 796 669 831 casus
682 781 759 832 lecto
771 785 800 831 te
813 780 938 842 adflixit,
952 781 1042 832 habes
1055 781 1106 849 qui

433 863 576 924 adsideat,
592 865 722 914 fomenta
735 869 827 930 paret,
842 863 990 915 medicum
1002 870 1095 931 roget,
1110 870 1144 916 ut
1155 871 1184 916 te

433 946 557 998 suscitet
569 962 602 997 ac
614 946 719 998 reddat
730 946 828 1013 gnatis
841 945 973 1012 carisque
985 947 1181 1015 propinquis?

303 1080 399 1140 Serm.
418 1082 463 1152 ΙΙ,
482 1082 512 1151 3,
531 1082 666 1139 321-322

433 1196 516 1248 Adde
529 1203 665 1264 poemata
677 1213 765 1260 nunc,
780 1198 838 1249 hoc
849 1203 903 1258 est,
917 1199 1018 1249 oleum
1030 1198 1105 1249 adde
1118 1199 1250 1250 camino:

435 1296 509 1347 quae
523 1280 615 1347 siquis
628 1296 717 1332 sanus
730 1281 810 1342 fecit,
824 1297 913 1332 sanus
926 1281 999 1333 iacis
1010 1287 1041 1334 et
1052 1287 1095 1333 tu.

303 1415 400 1489 upra.
418 1415 446 1483 1,
466 1417 493 1485 1,
512 1415 606 1472 83-85

436 1531 566 1582 ‘Nullus
578 1531 610 1582 in
623 1531 693 1582 orbe
705 1531 788 1601 sinus
801 1530 868 1582 Bais
880 1532 1032 1597 praelucet
1042 1531 1189 1583 amoenis'

435 1614 462 1664 si
474 1613 552 1665 dixit
564 1613 656 1675 dives,
672 1616 754 1665 lacus
766 1620 797 1666 et
809 1630 888 1665 mare
901 1615 993 1666 sentit
1004 1630 1134 1666 amorem

435 1697 603 1749 festinantis
615 1697 673 1760 eri;

303 1831 398 1905 Epist.
417 1831 461 1900 11,
481 1834 510 1901 1,
529 1832 622 1889 73-75

434 1950 516 1998 Inter
528 1963 601 2014 quae
614 1947 735 2000 verbum
748 1947 871 1998 emicuit
882 1947 907 1999 si
920 1948 996 1998 torte
1009 1946 1158 2010 decorum,

434 2030 459 2081 si
471 2046 573 2082 versus
586 2033 676 2098 paulo
688 2029 862 2081 concinnior
874 2047 950 2082 unus
962 2035 992 2082 et
1009 2032 1099 2082 alter:

435 2113 546 2164 iniuste
558 2119 652 2165 totum
664 2113 748 2164 ducit
760 2113 919 2180 venditque
932 2129 1045 2180 poema.

302 2247 399 2322 Epist.
413 2248 458 2317 11,
477 2249 507 2318 2,
527 2248 658 2304 100-101

845 2346 877 2400 Si
889 2348 958 2414 plus
970 2348 1128 2415 adposcere
1140 2349 1231 2410 visus,

435 2431 470 2481 fit
483 2429 678 2481 Mimnermus
690 2436 721 2482 et
732 2430 834 2497 optivo
847 2432 1021 2497 cognomine
1035 2433 1148 2486 crescit.

306 2568 344 2623 A.
364 2567 397 2623 P.
414 2566 550 2623 326-328

1035 2671 1041 2693 ‘
1051 2667 1138 2719 Dicat

436 2747 518 2800 filius
530 2748 647 2800 Albini:
668 2749 694 2799 si
705 2749 742 2799 de
755 2748 919 2815 quincunce
932 2755 1074 2802 remotast

436 2831 535 2893 uncia,
549 2831 620 2898 quid
634 2833 770 2898 superat?

307 2952 345 3007 A.
363 2951 399 3008 Ρ.
419 2951 555 3007 377-378

437 3065 480 3117 sic
492 3065 601 3117 animis
613 3072 716 3117 natum
728 3066 943 3133 inventumque
955 3081 1059 3132 poema
1071 3067 1216 3128 iuvandis,

437 3149 463 3201 si
476 3151 600 3216 paulum
614 3165 730 3200 summo
742 3149 878 3209 decessit,
893 3150 989 3215 vergit
999 3150 1036 3201 ad
1048 3150 1151 3202 imum.

304 3271 344 3326 A.
363 3271 399 3338 P,
416 3269 553 3326 472-474

735 3373 815 3419 certe
829 3367 911 3429 furit,
925 3383 958 3418 ac
970 3369 1053 3420 velut
1065 3384 1151 3420 ursus

435 3451 565 3503 obiectos
578 3467 682 3503 caveae
696 3451 790 3503 valuit
802 3451 827 3502 si
840 3452 974 3517 frangere
987 3452 1105 3512 clatros,

436 3535 589 3586 indoctum
602 3535 781 3600 doctumque
795 3536 879 3601 fugat
889 3533 1027 3585 recitator
1039 3536 1176 3599 acerbus;

408 3654 457 3728 d).
504 3653 598 3711 Third
615 3655 726 3711 Persou
739 3653 852 3711 Plural.

304 3770 362 3830 Od.
379 3772 408 3840 Ι,
426 3772 455 3841 3,
474 3772 569 3827 ἳΙ-’ΖΙ

435 3887 638 3955 Nequicquam
650 3887 723 3938 deus
735 3887 861 3940 abscidit

470 3971 602 4022 Prudens
615 3973 732 4023 Oceano
745 3971 927 4024 dissociabili

435 4055 549 4114 Terras,
564 4055 589 4105 si
601 4060 700 4106 tamen
713 4054 821 4122 impiae

469 4141 536 4191 Non
550 4137 699 4204 tangenda
711 4144 788 4190 rates
800 4138 975 4190 transiliunt
987 4138 1069 4191 vada.

414 4277 440 4330 1.
488 4276 516 4332 A
533 4273 710 4331 Preteritive
725 4274 805 4331 Vecb
823 4274 850 4329 in
868 4275 916 4331 the
932 4276 1075 4332 Protasis.

345 4377 384 4432 A.
409 4374 541 4432 Protasis
558 4373 729 4430 introduced
745 4376 783 4450 by
799 4373 907 4430 sinon.

408 4476 457 4548 a).
504 4474 598 4532 Third
614 4474 725 4531 Persou
743 4473 895 4547 singular.
