3194 5250
306 575 402 648 Epis.
419 575 444 641 1,
464 575 494 642 2,
512 573 606 629 37-39

1046 691 1120 738 Nam
1134 704 1194 746 cur,

439 789 512 839 quae
526 773 649 823 laedunt
660 773 792 831 oculum,
808 770 931 822 festinas
943 770 1075 822 demere:
1097 772 1194 838 siquid

437 861 482 907 est
494 855 635 912 animum,
649 855 750 905 differs
762 855 884 907 curandi
897 860 1015 920 tempus
1027 855 1057 905 in
1071 857 1200 905 annum?

304 993 400 1067 Epist.
419 993 446 1059 I,
464 995 494 1060 ⁴2,
512 981 608 1047 ist-50

735 1108 832 1157 valeat
844 1121 996 1171 possessor
1008 1113 1134 1172 oportet,

435 1190 461 1241 si
474 1190 665 1256 comportatis
678 1190 765 1239 rebus
776 1188 850 1240 bene
863 1189 974 1256 cogitat
987 1189 1040 1240 uti.

305 1327 401 1400 Epist.
420 1327 447 1395 1,
469 1328 517 1393 11,
537 1326 629 1380 Μ

602 1442 676 1490 Nam
690 1439 714 1489 si
728 1439 802 1489 ratio
814 1445 844 1489 et
856 1438 1014 1505 prudentia
1027 1454 1121 1498 curas,

436 1539 495 1575 non
507 1524 591 1574 locus
603 1523 689 1574 effusi
703 1523 761 1573 late
775 1523 864 1579 maris
876 1522 986 1573 arbiter
998 1523 1103 1582 aufert,

436 1608 560 1666 caelum,
575 1622 634 1657 non
647 1606 780 1657 animum
793 1611 919 1664 mutant,
934 1605 984 1671 qui
997 1613 1079 1656 trans
1095 1621 1173 1657 mare
1186 1613 1319 1657 currunt.

304 1744 398 1817 Epist.
416 1744 442 1810 Ι,
466 1744 512 1811 12,
533 1742 625 1798 12-13

435 1857 588 1918 Miramur,
603 1857 627 1908 si
641 1857 803 1909 Democriti
815 1873 904 1924 pecus
916 1857 978 1908 edit
990 1859 1104 1923 agellos

434 1943 581 2008 cultaque,

304 2080 398 2152 Epist.
416 2081 442 2148 Ι,
463 2079 511 2146 14,
530 2078 625 2134 29-30

434 2194 518 2246 addit
526 2209 601 2259 opus
616 2193 701 2259 pigro
713 2192 804 2251 rivus,
816 2191 840 2242 si
853 2191 965 2242 decidit
976 2190 1079 2252 imber,

433 2279 527 2328 multa
540 2277 618 2326 mole
631 2275 783 2326 docendus
796 2274 895 2340 aprico
908 2289 1026 2340 parcere
1040 2280 1133 2339 prato.

303 2413 400 2486 Epist.
418 2414 446 2476 Ι,
467 2414 515 2482 18,
534 2413 628 2468 54-57

931 2526 1058 2594 denique
1071 2543 1187 2579 saevam

437 2610 576 2662 militiam
589 2625 663 2675 puer
675 2614 705 2660 et
717 2609 890 2661 Cantabrica
902 2610 983 2660 bella
994 2609 1091 2660 tulisti

435 2696 489 2745 sub
501 2695 577 2745 duce
590 2692 640 2761 qui
653 2692 775 2758 templis
789 2694 964 2743 Parthorum
978 2693 1061 2759 signa
1074 2693 1171 2759 refigit

434 2794 523 2837 nunc,
537 2784 576 2837 et,
592 2775 689 2842 siquid
703 2777 794 2836 abest,
807 2775 892 2827 Italis
903 2776 1055 2827 adiudicat
1066 2777 1165 2827 armis.

304 2915 399 2988 Epist.
420 2914 463 2981 ll,
485 2916 512 2981 l,
533 2911 626 2967 64-65

436 3028 466 3080 Si
480 3034 594 3080 veteres
607 3027 648 3078 ita
661 3027 785 3077 miratur
798 3026 957 3093 laudatque
970 3034 1082 3092 poetas,

436 3117 470 3163 ut
482 3111 558 3161 nihil
572 3111 726 3170 anteferat,
741 3109 821 3160 nihil
832 3109 895 3161 illis
908 3117 1068 3176 comparet,
1083 3118 1175 3171 errat;

304 3231 399 3304 spui.
419 3230 464 3298 11,
484 3232 512 3297 1,
532 3229 625 3285 stt-os

436 3346 468 3398 Si
480 3345 622 3412 quaedam
635 3343 724 3396 nimis
737 3344 867 3411 autique,
882 3344 906 3395 si
920 3346 1060 3413 pleraque
1074 3345 1146 3396 dure

434 3429 532 3480 dicere
544 3427 639 3478 credit
648 3444 707 3487 eos,
721 3428 827 3494 ignave
842 3430 936 3479 multa
950 3430 1068 3489 fatetur,

437 3519 467 3563 et
479 3511 557 3578 sapit
569 3517 599 3562 et
608 3526 724 3562 mecum
739 3511 810 3562 facit
821 3518 851 3562 et
864 3515 934 3563 Iove
945 3512 1058 3563 iudicat
1067 3528 1169 3579 aequo.

304 3634 400 3707 spru.
422 3633 463 3700 11,
483 3633 513 3700 a,
533 3631 667 3687 iss-162

437 3748 468 3799 Si
482 3746 633 3813 proprium
646 3753 700 3805 est,
715 3746 793 3814 quod
807 3746 873 3813 quis
886 3746 961 3797 libra
974 3754 1120 3798 mercatus
1133 3753 1161 3798 et
1173 3752 1277 3807 aerest,

438 3829 591 3897 quaedam,
605 3828 629 3880 si
643 3829 738 3880 credis
749 3829 904 3890 consultis,
919 3830 1068 3896 mancipat
1080 3846 1168 3882 usus:

437 3913 487 3981 qui
500 3919 528 3964 te
541 3911 636 3978 pascit
648 3928 725 3977 ager,
738 3918 806 3963 tuus
819 3918 873 3972 est,
888 3920 918 3963 et
930 3913 1037 3965 vilicus
1050 3914 1131 3972 Orbi,

436 4012 504 4048 cum
517 4001 630 4060 segetes
643 4001 726 4046 occat
739 3995 793 4045 tibi
806 4011 875 4046 mox
889 3996 1037 4048 frumenta
1049 3997 1182 4055 daturus,

435 4087 465 4131 te
477 4077 631 4129 dominum
645 4078 744 4129 sentit.

304 4201 402 4274 Epist.
423 4199 465 4268 ΙΙ,
485 4199 514 4265 2,
537 4198 670 4253 ΙΙΙ-179

437 4311 507 4377 quid
521 4311 578 4363 vici
591 4319 716 4378 prosunt
728 4318 780 4362 aut
792 4313 914 4364 horrea?
949 4314 1064 4377 Quidve
1078 4315 1209 4365 Calabris

437 4395 562 4447 saltibus
574 4394 681 4446 adiecti
697 4396 817 4457 Lucani,
832 4396 856 4446 si
870 4396 956 4447 metit
969 4399 1062 4448 Orcus

436 4478 636 4545 grandineum
650 4477 756 4544 parvis.
772 4495 829 4529 non
843 4480 1003 4531 exorabilis
1015 4482 1105 4532 auro?
