3194 5250
871 433 909 490 76

726 630 854 700 Mixed
878 631 1062 702 Protsses.

294 799 364 871 75).
410 799 446 855 In
462 798 512 855 the
536 797 688 872 following
703 797 850 855 instances
871 797 1001 855 sive-sive
1022 810 1145 858 connect
1166 811 1318 860 sentences
1342 803 1371 860 in
1390 805 1485 862 which

292 897 429 955 different
443 909 539 955 tenses
554 897 589 954 of
599 898 648 956 the
664 898 829 956 Indicstive
844 918 895 955 ars
907 899 991 956 used.

704 1150 738 1200 A.
775 1150 928 1202 indicative
946 1152 1076 1203 Protasis.

293 1317 364 1388 76).
410 1317 534 1374 Prosent
548 1317 606 1372 and
623 1317 734 1374 Futuro
750 1317 778 1372 in
795 1317 844 1374 the
860 1319 1189 1393 Protasis·1mperative
1205 1321 1233 1377 in
1250 1322 1299 1379 the
1320 1324 1474 1398 Apodosis.

293 1432 350 1492 Od.
369 1434 397 1501 1,
416 1435 444 1497 7,
466 1434 555 1490 17-21

592 1564 635 1616 sic
647 1571 680 1616 tu
693 1565 811 1633 sapiens
823 1565 908 1618 finire
922 1573 1072 1619 memento

456 1646 621 1699 Tristitiam
634 1647 770 1715 vitaeque
780 1649 895 1700 labores

424 1730 522 1791 Molli,
537 1731 654 1792 Plance,
669 1747 760 1793 mero,
775 1748 827 1783 seu
840 1738 869 1784 te
883 1732 1030 1799 fulgentia
1043 1733 1136 1801 signis

458 1815 559 1866 Castra
571 1820 675 1866 tenent
686 1831 739 1866 seu
751 1815 843 1866 densa
855 1815 970 1868 tenebit

424 1896 542 1948 Tiburis
555 1898 658 1949 umbra
669 1898 725 1949 tui.

294 2100 365 2170 77).
411 2099 535 2156 Present
546 2100 603 2156 and
620 2098 738 2156 Pes-fect
753 2099 782 2155 in
799 2100 847 2157 tha
862 2099 996 2157 Procasis
1011 2101 1124 2159 Futuro
1139 2102 1168 2158 in
1185 2103 1233 2160 the
1249 2104 1412 2178 Apodosis.

293 2248 333 2306 A.
353 2250 388 2307 P.
414 2248 522 2306 63-69.

947 2365 1009 2418 sive
1022 2372 1159 2433 receptus

423 2455 502 2500 terra
514 2452 674 2516 Neptunus
686 2450 796 2501 classes
808 2449 1008 2516 Aquilonibus
1021 2455 1111 2510 arcet,

422 2531 500 2597 regis
513 2547 588 2598 opus
602 2531 751 2584 sterilisve
765 2532 852 2598 palus
862 2531 915 2583 diu
927 2537 1057 2600 aptaque
1069 2533 1160 2585 remis

424 2618 537 2670 vicinas
551 2619 637 2670 urbes
650 2618 706 2670 alit
717 2625 747 2670 et
758 2634 849 2685 grave
862 2619 954 2671 sentit
966 2624 1108 2681 aratrum,

423 2718 476 2753 seu
488 2718 608 2753 cursum
621 2703 748 2754 mutavit
760 2702 896 2769 iniquom
908 2701 1047 2769 frugibus
1059 2703 1166 2764 amnis,

423 2786 529 2837 doctus
540 2786 599 2837 iter
611 2786 733 2838 melius:
755 2786 893 2838 mortalia
906 2786 984 2838 iacta
996 2785 1154 2852 peribunt:

422 2870 533 2921 nedum
545 2886 716 2922 sermonum
728 2877 788 2923 stet
798 2871 895 2922 honos
907 2877 938 2922 et
948 2870 1044 2937 gratia
1055 2870 1154 2923 vivax.

292 3073 330 3127 78
338 3075 362 3143 ).
411 3073 521 3129 Futura
534 3072 651 3129 Perfect
662 3074 720 3129 and
729 3073 842 3129 Fntnre
851 3072 881 3128 in
894 3072 943 3130 the
955 3072 1216 3130 Protesis-Future
1225 3074 1253 3130 in
1262 3074 1311 3131 the
1323 3075 1476 3150 Apodosis.

294 3223 389 3282 Serm.
409 3224 501 3293 11‚⁶2‚
521 3225 616 3281 82-86

424 3356 481 3408 Hic
493 3362 592 3408 tamen
605 3356 642 3407 ad
656 3355 764 3408 melius
776 3355 888 3422 poterit
899 3360 1100 3407 transcurrere
1113 3357 1274 3425 quondam,

422 3439 484 3492 sive
496 3440 576 3491 diem
590 3441 700 3491 festum
713 3439 831 3491 rediens
843 3438 998 3491 advexerit
1009 3455 1117 3501 annus,

422 3539 475 3574 seu
486 3539 616 3575 recreare
629 3524 712 3575 volet
723 3528 880 3574 tenuatum
893 3538 1010 3589 corpus,
1026 3521 1137 3590 ubique

421 3607 563 3659 accedent
573 3606 654 3667 anni,
668 3605 788 3658 tractari
801 3605 924 3657 mollius
935 3611 1017 3657 aetas

420 3689 561 3742 inbecilla
573 3690 663 3742 volet.

292 3892 362 3962 79).
408 3893 520 3950 Futnre
551 3890 669 3949 Pertect
689 3892 746 3948 end
769 3891 881 3948 Futuro
907 3890 936 3947 in
960 3890 1008 3947 the
1030 3890 1363 3967 Protesis·1mperativa
1386 3895 1414 3951 in
1436 3893 1478 3952 the

291 3993 452 4067 Apodosis.

291 4124 332 4182 A.
350 4127 386 4184 P.
404 4127 542 4182 ans-428

421 4257 466 4310 Tu
479 4275 538 4310 sen·
544 4258 664 4309 donaris
677 4274 730 4309 seu
742 4255 813 4324 quid
825 4255 936 4309 donare
949 4261 1032 4311 voles
1045 4259 1103 4322 cui,

422 4342 519 4393 nolito
531 4341 567 4393 ad
580 4341 683 4393 v'ersus
695 4340 749 4392 tibi
763 4341 856 4392 factos
869 4340 977 4393 ducere
995 4343 1120 4409 plenum

422 4425 568 4486 laetitiae;
589 4424 730 4476 clamabit
740 4423 821 4475 enim
835 4425 990 4490 ‘pulchrel
1011 4425 1100 4478 benet
1121 4425 1229 4478 rectel’
