3194 5250
780 397 817 453 61

241 598 366 656 Fecisset
380 608 548 673 represents
562 617 581 655 a
594 597 702 673 feeerit
715 597 751 657 oi
767 599 817 656 the
833 599 893 657 bail
916 610 1067 669 contracl3
1093 598 1172 675 quod
1186 600 1240 657 has
1262 600 1311 656 the
1323 598 1402 658 force

197 698 235 757 of
246 707 272 756 et
285 698 339 757 hoc
352 699 412 756 and
427 697 545 756 debehat
560 698 586 756 is
600 697 654 756 felt
665 699 738 756 with
749 698 883 776 perdere.

199 799 300 859 serm.
318 800 363 864 11,
381 799 413 866 3,
429 799 526 856 8487

334 931 468 984 Heredes
480 931 597 984 Staberi
609 947 757 983 summam
768 930 901 983 incidere
914 934 1062 998 sepulcro,

335 1015 368 1067 ni
379 1015 423 1068 sic
434 1014 586 1076 fecissent,
598 1014 800 1082 gladiatorum
811 1016 882 1067 dare
895 1022 1016 1067 centurn

336 1098 472 1150 damnati
483 1099 597 1165 populo
609 1098 692 1165 paria
703 1104 792 1166 atque
804 1101 930 1166 epulum
941 1099 1065 1151 arbitrio
1077 1099 1154 1160 Arri,

337 1181 483 1234 frumenti
493 1188 639 1250 quantum
651 1181 739 1234 metit
749 1181 859 1234 Africa.

246 1299 390 1359 Ferrum
400 1310 569 1376 represents
583 1319 602 1357 a
615 1299 744 1375 fecerint
759 1300 789 1358 iu
804 1301 854 1359 the
866 1311 958 1358 terme
972 1300 1008 1359 of
1018 1301 1068 1359 the
1083 1302 1155 1358 will.

302 1527 547 1599 Conditional
570 1527 723 1598 Periods
744 1528 835 1597 with
859 1529 1085 1611 Dependent
1106 1530 1301 1613 Apodoaia.

200 1761 277 1831 45).
322 1759 388 1816 The
411 1757 573 1833 Apodoais,
597 1758 743 1833 although
765 1758 789 1816 it
810 1758 835 1815 is
857 1759 906 1816 the
928 1759 1075 1834 prinoipal
1096 1761 1196 1818 clause
1218 1761 1253 1818 of
1270 1782 1289 1820 a
1303 1765 1403 1822 condi·

203 1860 299 1918 tional
313 1858 428 1934 period,
445 1878 516 1934 may
531 1856 615 1915 ilself
625 1859 661 1916 be
676 1858 880 1917 subordinate.

246 1959 338 2017 Iiind
360 1959 390 2016 in
406 1959 455 2016 the
471 1957 607 2030 writings
621 1955 657 2014 of
673 1958 793 2016 Horace
808 1959 857 2016 lhe
879 1957 1033 2036 following
1048 1961 1196 2019 instances
1211 1962 1247 2020 of
1264 1983 1282 2020 a
1297 1964 1404 2039 depen-

204 2061 278 2118 dent
292 2059 489 2136 subjunctive
505 2058 534 2115 in
551 2058 600 2116 the
615 2058 778 2133 Apodosis.

314 2163 341 2217 l.
387 2160 476 2217 Final
492 2157 688 2235 Suhjunetive
703 2158 777 2217 with
791 2167 834 2216 ul.

250 2263 290 2318 A.
317 2258 364 2318 sl.

206 2394 306 2455 Serm.
324 2395 369 2459 ΙΙ,
387 2394 418 2464 5,
436 2393 532 2450 47-50

819 2474 928 2528 leniter
939 2477 970 2528 in
983 2493 1066 2545 spem

339 2559 449 2626 adrepe
460 2558 620 2619 officiosus,
634 2563 711 2610 utet
723 2558 850 2611 scribare
864 2560 1012 2612 secundus

341 2643 429 2695 heres
440 2649 480 2702 et,
494 2641 589 2709 siquis
600 2657 687 2693 casus
699 2656 826 2708 puerum
837 2643 933 2709 egerit
944 2645 1031 2704 Orco,

341 2725 374 2777 in
387 2741 513 2778 vacuom
526 2723 645 2778 venias:

207 2844 307 2921 uper.
324 2845 352 2911 1,
372 2844 422 2914 18,
441 2844 532 2900 re-ar

340 2958 488 3011 Fallimur
499 2964 530 3011 et
547 2958 698 3025 quondam
710 2974 771 3010 non
784 2958 910 3025 dignum
922 2960 1085 3013 tradimus:
1105 2977 1176 3029 ergo

340 3058 429 3110 quem
442 3058 496 3094 sua
507 3041 596 3108 culpa
608 3047 734 3107 premet,
748 3042 891 3108 deceptus
900 3043 1007 3095 omitte
1020 3045 1108 3106 tueri,

341 3132 377 3178 nt
388 3124 510 3193 penitus
522 3131 636 3186 notum,
651 3124 677 3176 si
689 3131 840 3191 temptent
850 3125 984 3188 crimina,
999 3144 1097 3180 serves

342 3208 510 3277 tuterisque
521 3215 575 3260 tuo
587 3208 730 3260 fidentem
742 3208 908 3275 praesidio:

249 3331 286 3388 B.
312 3326 389 3386 Sisi
402 3348 473 3386 aon.

207 3447 307 3523 Epist.
325 3447 352 3516 1,
375 3449 405 3517 1,
423 3446 517 3503 65-66

342 3565 413 3614 Iane
423 3562 480 3614 tibi
498 3560 607 3613 melius
620 3560 734 3623 suadet,
749 3561 800 3628 qui
813 3578 876 3614 rem
889 3562 990 3623 iacias,
1004 3578 1077 3624 rem,

342 3645 368 3698 si
380 3645 487 3712 possis,
502 3650 590 3706 recte,
604 3643 712 3705 sinon,
726 3660 912 3712 quocumque
924 3646 1014 3697 modo
1027 3662 1099 3708 rem,

250 3766 315 3824 The
332 3764 527 3841 Suhjunctive
541 3764 671 3838 depende
685 3782 763 3837 upon
780 3784 798 3821 a
813 3764 946 3839 supplied
962 3764 1064 3823 suadet
1079 3774 1120 3823 nt.

315 3867 345 3922 2.
387 3864 477 3922 Final
492 3862 687 3940 Subjunetive
703 3864 775 3922 with
790 3885 836 3922 ne.

251 3968 293 4025 A.
321 3963 368 4023 sl.

209 4083 309 4143 Serm.
326 4083 355 4152 1,
373 4081 404 4152 2,
421 4082 515 4139 86·89

344 4197 476 4263 Regibus
488 4196 539 4248 hic
550 4212 615 4248 mos
627 4203 682 4258 est,
697 4197 748 4249 ubi
760 4213 853 4264 equos
865 4205 1050 4251 mercantur:
1071 4206 1189 4267 opertos

342 4280 518 4347 inspiciunt,
533 4296 580 4341 ne,
595 4279 621 4331 si
631 4279 731 4342 iacies,
746 4287 780 4332 ut
791 4297 889 4348 saepe,
904 4282 1010 4334 decora

344 4365 430 4416 molli
444 4365 521 4416 fulta
533 4364 647 4430 pedest,
662 4371 827 4432 emptorem
840 4365 964 4418 inducat
976 4366 1120 4429 hiantem,

343 4448 424 4516 quod
436 4449 579 4515 pulchrae
592 4449 705 4510 clunes,
720 4449 808 4502 breve
822 4449 899 4517 qnod
912 4457 1012 4517 caput,
1026 4451 1117 4503 ardua
1130 4454 1241 4506 cervix.
