<?xml version="1.0" encoding="UTF-8"?>
<!DOCTYPE html PUBLIC "-//W3C//DTD XHTML 1.0 Transitional//EN"
    "http://www.w3.org/TR/xhtml1/DTD/xhtml1-transitional.dtd">
<html xmlns="http://www.w3.org/1999/xhtml" xml:lang="en" lang="en">
 <head>
  <title>
</title>
<meta http-equiv="Content-Type" content="text/html;charset=utf-8" />
  <meta name='ocr-system' content='tesseract 3.04.00' />
  <meta name='ocr-capabilities' content='ocr_page ocr_carea ocr_par ocr_line ocrx_word'/>
</head>
<body>
  <div class='ocr_page' id='page_1' title='image "./conditionalperi00eldegoog_0040.png"; bbox 0 0 3194 5250; ppageno 0'>
   <div class='ocr_carea' id='block_1_1' title="bbox 198 664 519 737">
    <p class='ocr_par' dir='ltr' id='par_1_1' title="bbox 198 664 519 737">
     <span class='ocr_line' id='line_1_1' title="bbox 198 664 519 737; baseline -0.012 -15"><span class='ocrx_word' id='word_1_1' title='bbox 198 664 294 737; x_wconf 79' lang='lat' dir='ltr'><strong>Epist.</strong></span> <span class='ocrx_word' id='word_1_2' title='bbox 313 665 340 733; x_wconf 87' lang='lat'><strong>1,</strong></span> <span class='ocrx_word' id='word_1_3' title='bbox 360 664 410 733; x_wconf 89' lang='lat'><strong>10,</strong></span> <span class='ocrx_word' id='word_1_4' title='bbox 425 664 519 719; x_wconf 68' lang='lat'><strong>31-32</strong></span> 
     </span>
    </p>
   </div>
   <div class='ocr_carea' id='block_1_2' title="bbox 332 777 844 915">
    <p class='ocr_par' dir='ltr' id='par_1_2' title="bbox 332 777 844 915">
     <span class='ocr_line' id='line_1_2' title="bbox 339 777 844 844; baseline -0.002 -17"><span class='ocrx_word' id='word_1_5' title='bbox 339 816 458 828; x_wconf 87' lang='grc'><strong>........</strong></span> <span class='ocrx_word' id='word_1_6' title='bbox 465 777 569 844; x_wconf 86' lang='lat' dir='ltr'><strong>siquid</strong></span> <span class='ocrx_word' id='word_1_7' title='bbox 583 777 735 837; x_wconf 83' lang='lat' dir='ltr'><strong>mirabere,</strong></span> <span class='ocrx_word' id='word_1_8' title='bbox 750 791 844 842; x_wconf 88' lang='lat' dir='ltr'><strong>pones</strong></span> 
     </span>
     <span class='ocr_line' id='line_1_3' title="bbox 332 862 454 915; baseline -0.008 -2"><span class='ocrx_word' id='word_1_9' title='bbox 332 862 454 915; x_wconf 85' lang='lat' dir='ltr'><strong>invitus.</strong></span> 
     </span>
    </p>
   </div>
   <div class='ocr_carea' id='block_1_3' title="bbox 199 983 447 1043">
    <p class='ocr_par' dir='ltr' id='par_1_3' title="bbox 199 983 447 1043">
     <span class='ocr_line' id='line_1_4' title="bbox 199 983 447 1043; baseline -0.016 0"><span class='ocrx_word' id='word_1_10' title='bbox 199 988 240 1043; x_wconf 84' lang='lat' dir='ltr'><strong>A.</strong></span> <span class='ocrx_word' id='word_1_11' title='bbox 258 986 294 1043; x_wconf 93' lang='lat' dir='ltr'><strong>P.</strong></span> <span class='ocrx_word' id='word_1_12' title='bbox 315 983 447 1041; x_wconf 81' lang='lat'>104-105</span> 
     </span>
    </p>
   </div>
   <div class='ocr_carea' id='block_1_4' title="bbox 331 1079 1084 1217">
    <p class='ocr_par' dir='ltr' id='par_1_4' title="bbox 331 1079 1084 1217">
     <span class='ocr_line' id='line_1_5' title="bbox 665 1079 1084 1147; baseline 0 -17"><span class='ocrx_word' id='word_1_13' title='bbox 665 1081 742 1131; x_wconf 82' lang='lat' dir='ltr'><strong>male</strong></span> <span class='ocrx_word' id='word_1_14' title='bbox 755 1079 781 1131; x_wconf 88' lang='lat' dir='ltr'><strong>si</strong></span> <span class='ocrx_word' id='word_1_15' title='bbox 793 1080 931 1130; x_wconf 88' lang='lat' dir='ltr'><strong>mandata</strong></span> <span class='ocrx_word' id='word_1_16' title='bbox 944 1080 1084 1147; x_wconf 89' lang='lat' dir='ltr'><strong>loqueris,</strong></span> 
     </span>
     <span class='ocr_line' id='line_1_6' title="bbox 331 1163 748 1217; baseline -0.007 0"><span class='ocrx_word' id='word_1_17' title='bbox 331 1171 383 1217; x_wconf 87' lang='lat' dir='ltr'><strong>aut</strong></span> <span class='ocrx_word' id='word_1_18' title='bbox 395 1164 561 1217; x_wconf 84' lang='lat' dir='ltr'><strong>dormitabo</strong></span> <span class='ocrx_word' id='word_1_19' title='bbox 572 1170 624 1215; x_wconf 89' lang='lat' dir='ltr'><strong>aut</strong></span> <span class='ocrx_word' id='word_1_20' title='bbox 636 1163 748 1215; x_wconf 88' lang='lat' dir='ltr'><strong>ridebo.</strong></span> 
     </span>
    </p>
   </div>
   <div class='ocr_carea' id='block_1_5' title="bbox 201 1287 450 1346">
    <p class='ocr_par' dir='ltr' id='par_1_5' title="bbox 201 1287 450 1346">
     <span class='ocr_line' id='line_1_7' title="bbox 201 1287 450 1346; baseline -0.012 0"><span class='ocrx_word' id='word_1_21' title='bbox 201 1290 241 1346; x_wconf 83' lang='lat' dir='ltr'><strong>A.</strong></span> <span class='ocrx_word' id='word_1_22' title='bbox 260 1289 296 1346; x_wconf 88' lang='grc' dir='ltr'><strong>Ρ.</strong></span> <span class='ocrx_word' id='word_1_23' title='bbox 314 1287 450 1345; x_wconf 82' lang='grc'><strong>436-437</strong></span> 
     </span>
    </p>
   </div>
   <div class='ocr_carea' id='block_1_6' title="bbox 333 1383 1076 1537">
    <p class='ocr_par' dir='ltr' id='par_1_6' title="bbox 333 1383 1076 1537">
     <span class='ocr_line' id='line_1_8' title="bbox 732 1383 1031 1444; baseline -0.003 -9"><span class='ocrx_word' id='word_1_24' title='bbox 732 1383 758 1435; x_wconf 88' lang='lat' dir='ltr'><strong>si</strong></span> <span class='ocrx_word' id='word_1_25' title='bbox 770 1383 900 1435; x_wconf 86' lang='lat' dir='ltr'><strong>carmina</strong></span> <span class='ocrx_word' id='word_1_26' title='bbox 912 1383 1031 1444; x_wconf 89' lang='lat' dir='ltr'><strong>condes,</strong></span> 
     </span>
     <span class='ocr_line' id='line_1_9' title="bbox 333 1466 1076 1537; baseline -0.005 -16"><span class='ocrx_word' id='word_1_27' title='bbox 333 1483 493 1537; x_wconf 86' lang='lat' dir='ltr'><strong>numquam</strong></span> <span class='ocrx_word' id='word_1_28' title='bbox 506 1474 535 1520; x_wconf 90' lang='lat' dir='ltr'><strong>te</strong></span> <span class='ocrx_word' id='word_1_29' title='bbox 548 1468 657 1519; x_wconf 78' lang='lat' dir='ltr'><strong>fallent</strong></span> <span class='ocrx_word' id='word_1_30' title='bbox 667 1466 760 1519; x_wconf 89' lang='lat' dir='ltr'><strong>animi</strong></span> <span class='ocrx_word' id='word_1_31' title='bbox 772 1467 827 1518; x_wconf 88' lang='lat' dir='ltr'><strong>sub</strong></span> <span class='ocrx_word' id='word_1_32' title='bbox 839 1467 927 1533; x_wconf 88' lang='lat' dir='ltr'><strong>volpe</strong></span> <span class='ocrx_word' id='word_1_33' title='bbox 939 1467 1076 1519; x_wconf 90' lang='lat' dir='ltr'><strong>latentes.</strong></span> 
     </span>
    </p>
   </div>
   <div class='ocr_carea' id='block_1_7' title="bbox 304 1586 790 1659">
    <p class='ocr_par' dir='ltr' id='par_1_7' title="bbox 304 1586 790 1659">
     <span class='ocr_line' id='line_1_10' title="bbox 304 1586 790 1659; baseline -0.01 -14"><span class='ocrx_word' id='word_1_34' title='bbox 304 1594 352 1659; x_wconf 82' lang='lat' dir='ltr'><strong>c).</strong></span> <span class='ocrx_word' id='word_1_35' title='bbox 397 1586 492 1645; x_wconf 81' lang='lat' dir='ltr'><strong>Third</strong></span> <span class='ocrx_word' id='word_1_36' title='bbox 508 1588 619 1644; x_wconf 84' lang='lat' dir='ltr'><strong>Person</strong></span> <span class='ocrx_word' id='word_1_37' title='bbox 638 1586 790 1656; x_wconf 76' lang='lat' dir='ltr'><strong>Singular.</strong></span> 
     </span>
    </p>
   </div>
   <div class='ocr_carea' id='block_1_8' title="bbox 202 1721 1247 1968">
    <p class='ocr_par' dir='ltr' id='par_1_8' title="bbox 202 1721 1247 1968">
     <span class='ocr_line' id='line_1_11' title="bbox 202 1721 520 1790; baseline -0.013 -11"><span class='ocrx_word' id='word_1_38' title='bbox 202 1721 298 1779; x_wconf 80' lang='lat' dir='ltr'><strong>Serm.</strong></span> <span class='ocrx_word' id='word_1_39' title='bbox 315 1721 359 1788; x_wconf 82' lang='lat'><strong>11,</strong></span> <span class='ocrx_word' id='word_1_40' title='bbox 378 1721 408 1790; x_wconf 83' lang='grc'><strong>3,</strong></span> <span class='ocrx_word' id='word_1_41' title='bbox 426 1721 520 1777; x_wconf 78' lang='lat'>41-42</span> 
     </span>
     <span class='ocr_line' id='line_1_12' title="bbox 998 1816 1247 1869; baseline 0 -1"><span class='ocrx_word' id='word_1_42' title='bbox 998 1819 1055 1868; x_wconf 90' lang='lat' dir='ltr'><strong>hoc</strong></span> <span class='ocrx_word' id='word_1_43' title='bbox 1067 1817 1092 1868; x_wconf 87' lang='lat' dir='ltr'><strong>si</strong></span> <span class='ocrx_word' id='word_1_44' title='bbox 1104 1816 1162 1869; x_wconf 90' lang='lat' dir='ltr'><strong>erit</strong></span> <span class='ocrx_word' id='word_1_45' title='bbox 1173 1816 1204 1868; x_wconf 92' lang='lat' dir='ltr'><strong>in</strong></span> <span class='ocrx_word' id='word_1_46' title='bbox 1217 1823 1247 1868; x_wconf 90' lang='lat' dir='ltr'><strong>te</strong></span> 
     </span>
     <span class='ocr_line' id='line_1_13' title="bbox 334 1900 1043 1968; baseline -0.003 -15"><span class='ocrx_word' id='word_1_47' title='bbox 334 1902 409 1963; x_wconf 85' lang='lat' dir='ltr'><strong>solo,</strong></span> <span class='ocrx_word' id='word_1_48' title='bbox 424 1901 467 1953; x_wconf 93' lang='lat' dir='ltr'><strong>nil</strong></span> <span class='ocrx_word' id='word_1_49' title='bbox 481 1900 572 1962; x_wconf 87' lang='lat' dir='ltr'><strong>verbi,</strong></span> <span class='ocrx_word' id='word_1_50' title='bbox 587 1917 689 1968; x_wconf 87' lang='lat' dir='ltr'><strong>pereas</strong></span> <span class='ocrx_word' id='word_1_51' title='bbox 701 1900 772 1968; x_wconf 91' lang='lat' dir='ltr'><strong>quin</strong></span> <span class='ocrx_word' id='word_1_52' title='bbox 787 1901 912 1962; x_wconf 80' lang='lat' dir='ltr'><strong>fortiter,</strong></span> <span class='ocrx_word' id='word_1_53' title='bbox 926 1901 1043 1952; x_wconf 83' lang='lat' dir='ltr'><strong>addam.</strong></span> 
     </span>
    </p>
   </div>
   <div class='ocr_carea' id='block_1_9' title="bbox 202 2020 1071 2177">
    <p class='ocr_par' dir='ltr' id='par_1_9' title="bbox 202 2020 1071 2177">
     <span class='ocr_line' id='line_1_14' title="bbox 202 2020 522 2089; baseline -0.006 -11"><span class='ocrx_word' id='word_1_54' title='bbox 202 2021 300 2078; x_wconf 77' lang='lat' dir='ltr'><strong>Serm.</strong></span> <span class='ocrx_word' id='word_1_55' title='bbox 318 2020 362 2089; x_wconf 90' lang='grc' dir='ltr'><strong>ΙΙ,</strong></span> <span class='ocrx_word' id='word_1_56' title='bbox 380 2021 411 2089; x_wconf 88' lang='grc'><strong>4,</strong></span> <span class='ocrx_word' id='word_1_57' title='bbox 429 2021 522 2076; x_wconf 70' lang='lat'><strong>27-29</strong></span> 
     </span>
     <span class='ocr_line' id='line_1_15' title="bbox 666 2116 1071 2177; baseline -0.002 -8"><span class='ocrx_word' id='word_1_58' title='bbox 666 2117 698 2169; x_wconf 85' lang='lat' dir='ltr'><strong>Si</strong></span> <span class='ocrx_word' id='word_1_59' title='bbox 712 2116 787 2168; x_wconf 82' lang='lat' dir='ltr'><strong>dura</strong></span> <span class='ocrx_word' id='word_1_60' title='bbox 799 2116 963 2169; x_wconf 84' lang='lat' dir='ltr'><strong>morabitur</strong></span> <span class='ocrx_word' id='word_1_61' title='bbox 975 2119 1071 2177; x_wconf 90' lang='lat' dir='ltr'><strong>alvus,</strong></span> 
     </span>
    </p>
   </div>
   <div class='ocr_carea' id='block_1_10' title="bbox 334 2200 1094 2352">
    <p class='ocr_par' dir='ltr' id='par_1_10' title="bbox 334 2200 1094 2352">
     <span class='ocr_line' id='line_1_16' title="bbox 335 2200 1024 2267; baseline -0.001 -15"><span class='ocrx_word' id='word_1_62' title='bbox 335 2201 462 2253; x_wconf 87' lang='lat' dir='ltr'><strong>mitulus</strong></span> <span class='ocrx_word' id='word_1_63' title='bbox 473 2205 504 2253; x_wconf 91' lang='lat' dir='ltr'><strong>et</strong></span> <span class='ocrx_word' id='word_1_64' title='bbox 516 2200 592 2253; x_wconf 85' lang='lat' dir='ltr'><strong>viles</strong></span> <span class='ocrx_word' id='word_1_65' title='bbox 605 2202 721 2267; x_wconf 86' lang='lat' dir='ltr'><strong>pellent</strong></span> <span class='ocrx_word' id='word_1_66' title='bbox 732 2200 881 2267; x_wconf 86' lang='lat' dir='ltr'><strong>opstantia</strong></span> <span class='ocrx_word' id='word_1_67' title='bbox 894 2202 1024 2252; x_wconf 88' lang='lat' dir='ltr'><strong>conchae</strong></span> 
     </span>
     <span class='ocr_line' id='line_1_17' title="bbox 334 2283 1094 2352; baseline -0.004 -15"><span class='ocrx_word' id='word_1_68' title='bbox 334 2289 363 2337; x_wconf 87' lang='lat' dir='ltr'><strong>et</strong></span> <span class='ocrx_word' id='word_1_69' title='bbox 374 2283 490 2352; x_wconf 89' lang='lat' dir='ltr'><strong>lapathi</strong></span> <span class='ocrx_word' id='word_1_70' title='bbox 502 2284 600 2337; x_wconf 87' lang='lat' dir='ltr'><strong>brevis</strong></span> <span class='ocrx_word' id='word_1_71' title='bbox 615 2284 714 2345; x_wconf 81' lang='lat' dir='ltr'><strong>herba,</strong></span> <span class='ocrx_word' id='word_1_72' title='bbox 729 2283 780 2335; x_wconf 90' lang='lat' dir='ltr'><strong>sed</strong></span> <span class='ocrx_word' id='word_1_73' title='bbox 793 2284 861 2335; x_wconf 87' lang='lat' dir='ltr'><strong>albo</strong></span> <span class='ocrx_word' id='word_1_74' title='bbox 873 2300 933 2335; x_wconf 92' lang='lat' dir='ltr'><strong>non</strong></span> <span class='ocrx_word' id='word_1_75' title='bbox 946 2284 1010 2335; x_wconf 85' lang='lat' dir='ltr'><strong>sine</strong></span> <span class='ocrx_word' id='word_1_76' title='bbox 1023 2285 1094 2335; x_wconf 82' lang='lat' dir='ltr'><strong>Coo.</strong></span> 
     </span>
    </p>
   </div>
   <div class='ocr_carea' id='block_1_11' title="bbox 203 2402 506 2478">
    <p class='ocr_par' dir='ltr' id='par_1_11' title="bbox 203 2402 506 2478">
     <span class='ocr_line' id='line_1_18' title="bbox 203 2402 506 2478; baseline -0.013 -17"><span class='ocrx_word' id='word_1_77' title='bbox 203 2402 298 2478; x_wconf 73' lang='lat' dir='ltr'><strong>Epist.</strong></span> <span class='ocrx_word' id='word_1_78' title='bbox 318 2403 344 2472; x_wconf 89' lang='grc' dir='ltr'><strong>Ι,</strong></span> <span class='ocrx_word' id='word_1_79' title='bbox 364 2404 395 2468; x_wconf 85' lang='grc'><strong>7,</strong></span> <span class='ocrx_word' id='word_1_80' title='bbox 416 2402 506 2458; x_wconf 74' lang='lat'>10-12</span> 
     </span>
    </p>
   </div>
   <div class='ocr_carea' id='block_1_12' title="bbox 334 2516 1037 2751">
    <p class='ocr_par' dir='ltr' id='par_1_12' title="bbox 334 2516 1037 2751">
     <span class='ocr_line' id='line_1_19' title="bbox 335 2516 1019 2583; baseline -0.001 -14"><span class='ocrx_word' id='word_1_81' title='bbox 335 2517 449 2582; x_wconf 79' lang='lat' dir='ltr'><strong>Quodsi</strong></span> <span class='ocrx_word' id='word_1_82' title='bbox 460 2517 565 2568; x_wconf 89' lang='lat' dir='ltr'><strong>bruma</strong></span> <span class='ocrx_word' id='word_1_83' title='bbox 578 2516 661 2569; x_wconf 88' lang='lat' dir='ltr'><strong>nives</strong></span> <span class='ocrx_word' id='word_1_84' title='bbox 673 2516 797 2569; x_wconf 83' lang='lat' dir='ltr'><strong>Albanis</strong></span> <span class='ocrx_word' id='word_1_85' title='bbox 809 2517 919 2569; x_wconf 89' lang='lat' dir='ltr'><strong>inlinet</strong></span> <span class='ocrx_word' id='word_1_86' title='bbox 930 2518 1019 2583; x_wconf 87' lang='lat' dir='ltr'><strong>agris,</strong></span> 
     </span>
     <span class='ocr_line' id='line_1_20' title="bbox 334 2600 1037 2667; baseline 0 -15"><span class='ocrx_word' id='word_1_87' title='bbox 334 2602 371 2652; x_wconf 90' lang='lat' dir='ltr'><strong>ad</strong></span> <span class='ocrx_word' id='word_1_88' title='bbox 385 2616 464 2652; x_wconf 87' lang='lat' dir='ltr'><strong>mare</strong></span> <span class='ocrx_word' id='word_1_89' title='bbox 478 2600 637 2652; x_wconf 88' lang='lat' dir='ltr'><strong>descendet</strong></span> <span class='ocrx_word' id='word_1_90' title='bbox 646 2605 728 2652; x_wconf 88' lang='lat' dir='ltr'><strong>vates</strong></span> <span class='ocrx_word' id='word_1_91' title='bbox 739 2605 810 2652; x_wconf 90' lang='lat' dir='ltr'><strong>tuus</strong></span> <span class='ocrx_word' id='word_1_92' title='bbox 824 2606 854 2652; x_wconf 90' lang='lat' dir='ltr'><strong>et</strong></span> <span class='ocrx_word' id='word_1_93' title='bbox 866 2601 923 2652; x_wconf 88' lang='lat' dir='ltr'><strong>sibi</strong></span> <span class='ocrx_word' id='word_1_94' title='bbox 935 2607 1037 2667; x_wconf 89' lang='lat' dir='ltr'><strong>parcet</strong></span> 
     </span>
     <span class='ocr_line' id='line_1_21' title="bbox 336 2685 670 2751; baseline -0.003 -16"><span class='ocrx_word' id='word_1_95' title='bbox 336 2689 562 2751; x_wconf 86' lang='lat' dir='ltr'><strong>contractusque</strong></span> <span class='ocrx_word' id='word_1_96' title='bbox 576 2685 670 2751; x_wconf 86' lang='lat' dir='ltr'><strong>leget;</strong></span> 
     </span>
    </p>
   </div>
   <div class='ocr_carea' id='block_1_13' title="bbox 203 2821 529 2895">
    <p class='ocr_par' dir='ltr' id='par_1_13' title="bbox 203 2821 529 2895">
     <span class='ocr_line' id='line_1_22' title="bbox 203 2821 529 2895; baseline -0.003 -16"><span class='ocrx_word' id='word_1_97' title='bbox 203 2822 299 2895; x_wconf 71' lang='lat' dir='ltr'><strong>Epist.</strong></span> <span class='ocrx_word' id='word_1_98' title='bbox 319 2823 346 2888; x_wconf 84' lang='lat'><strong>1,</strong></span> <span class='ocrx_word' id='word_1_99' title='bbox 368 2822 416 2894; x_wconf 75' lang='grc' dir='ltr'><strong>ιο,</strong></span> <span class='ocrx_word' id='word_1_100' title='bbox 433 2821 529 2878; x_wconf 78' lang='lat'>42-43</span> 
     </span>
    </p>
   </div>
   <div class='ocr_carea' id='block_1_14' title="bbox 335 2934 1064 3084">
    <p class='ocr_par' dir='ltr' id='par_1_14' title="bbox 335 2934 1064 3084">
     <span class='ocr_line' id='line_1_23' title="bbox 336 2934 1036 2996; baseline -0.001 -9"><span class='ocrx_word' id='word_1_101' title='bbox 336 2935 391 2987; x_wconf 82' lang='lat' dir='ltr'><strong>Cui</strong></span> <span class='ocrx_word' id='word_1_102' title='bbox 403 2949 462 2986; x_wconf 90' lang='lat' dir='ltr'><strong>non</strong></span> <span class='ocrx_word' id='word_1_103' title='bbox 476 2934 632 2987; x_wconf 88' lang='lat' dir='ltr'><strong>conveniet</strong></span> <span class='ocrx_word' id='word_1_104' title='bbox 644 2951 697 2986; x_wconf 88' lang='lat' dir='ltr'><strong>sua</strong></span> <span class='ocrx_word' id='word_1_105' title='bbox 709 2950 765 2996; x_wconf 91' lang='lat' dir='ltr'><strong>res,</strong></span> <span class='ocrx_word' id='word_1_106' title='bbox 780 2940 813 2987; x_wconf 91' lang='lat' dir='ltr'><strong>ut</strong></span> <span class='ocrx_word' id='word_1_107' title='bbox 825 2934 941 2986; x_wconf 89' lang='lat' dir='ltr'><strong>calceus</strong></span> <span class='ocrx_word' id='word_1_108' title='bbox 952 2935 1036 2996; x_wconf 92' lang='lat' dir='ltr'><strong>olim,</strong></span> 
     </span>
     <span class='ocr_line' id='line_1_24' title="bbox 335 3016 1064 3084; baseline -0.001 -14"><span class='ocrx_word' id='word_1_109' title='bbox 335 3018 361 3070; x_wconf 90' lang='lat' dir='ltr'><strong>si</strong></span> <span class='ocrx_word' id='word_1_110' title='bbox 373 3017 447 3084; x_wconf 88' lang='lat' dir='ltr'><strong>pede</strong></span> <span class='ocrx_word' id='word_1_111' title='bbox 461 3017 553 3069; x_wconf 89' lang='lat' dir='ltr'><strong>maior</strong></span> <span class='ocrx_word' id='word_1_112' title='bbox 564 3016 630 3078; x_wconf 90' lang='lat' dir='ltr'><strong>erit,</strong></span> <span class='ocrx_word' id='word_1_113' title='bbox 645 3017 805 3079; x_wconf 85' lang='lat' dir='ltr'><strong>subvertet,</strong></span> <span class='ocrx_word' id='word_1_114' title='bbox 820 3017 846 3068; x_wconf 90' lang='lat' dir='ltr'><strong>si</strong></span> <span class='ocrx_word' id='word_1_115' title='bbox 859 3017 965 3079; x_wconf 90' lang='lat' dir='ltr'><strong>minor,</strong></span> <span class='ocrx_word' id='word_1_116' title='bbox 986 3024 1064 3069; x_wconf 89' lang='lat' dir='ltr'><strong>uret.</strong></span> 
     </span>
    </p>
   </div>
   <div class='ocr_carea' id='block_1_15' title="bbox 204 3153 524 3228">
    <p class='ocr_par' dir='ltr' id='par_1_15' title="bbox 204 3153 524 3228">
     <span class='ocr_line' id='line_1_25' title="bbox 204 3153 524 3228; baseline -0.013 -16"><span class='ocrx_word' id='word_1_117' title='bbox 204 3154 300 3228; x_wconf 67' lang='lat' dir='ltr'><strong>upra.</strong></span> <span class='ocrx_word' id='word_1_118' title='bbox 316 3154 343 3220; x_wconf 85' lang='lat'><strong>1,</strong></span> <span class='ocrx_word' id='word_1_119' title='bbox 364 3155 411 3222; x_wconf 71' lang='grc' dir='ltr'><strong>ιτ,</strong></span> <span class='ocrx_word' id='word_1_120' title='bbox 431 3153 524 3209; x_wconf 66' lang='lat' dir='ltr'><strong>asoa</strong></span> 
     </span>
    </p>
   </div>
   <div class='ocr_carea' id='block_1_16' title="bbox 334 3268 1063 3411">
    <p class='ocr_par' dir='ltr' id='par_1_16' title="bbox 334 3268 1063 3411">
     <span class='ocr_line' id='line_1_26' title="bbox 336 3268 1063 3337; baseline 0.003 -17"><span class='ocrx_word' id='word_1_121' title='bbox 336 3270 455 3329; x_wconf 81' lang='lat' dir='ltr'><strong>Contra,</strong></span> <span class='ocrx_word' id='word_1_122' title='bbox 476 3285 561 3335; x_wconf 92' lang='lat' dir='ltr'><strong>quem</strong></span> <span class='ocrx_word' id='word_1_123' title='bbox 575 3268 690 3335; x_wconf 90' lang='lat' dir='ltr'><strong>duplici</strong></span> <span class='ocrx_word' id='word_1_124' title='bbox 703 3283 801 3337; x_wconf 89' lang='lat' dir='ltr'><strong>panno</strong></span> <span class='ocrx_word' id='word_1_125' title='bbox 814 3269 959 3336; x_wconf 82' lang='lat' dir='ltr'><strong>patientia</strong></span> <span class='ocrx_word' id='word_1_126' title='bbox 971 3271 1063 3329; x_wconf 82' lang='lat' dir='ltr'><strong>velat,</strong></span> 
     </span>
     <span class='ocr_line' id='line_1_27' title="bbox 334 3351 958 3411; baseline 0 -8"><span class='ocrx_word' id='word_1_127' title='bbox 334 3351 472 3411; x_wconf 78' lang='lat' dir='ltr'><strong>mirabor,</strong></span> <span class='ocrx_word' id='word_1_128' title='bbox 486 3351 563 3403; x_wconf 84' lang='lat' dir='ltr'><strong>vitae</strong></span> <span class='ocrx_word' id='word_1_129' title='bbox 576 3351 623 3405; x_wconf 88' lang='lat' dir='ltr'><strong>via</strong></span> <span class='ocrx_word' id='word_1_130' title='bbox 635 3351 660 3403; x_wconf 88' lang='lat' dir='ltr'><strong>si</strong></span> <span class='ocrx_word' id='word_1_131' title='bbox 674 3368 814 3405; x_wconf 84' lang='lat' dir='ltr'><strong>conversa</strong></span> <span class='ocrx_word' id='word_1_132' title='bbox 832 3352 958 3404; x_wconf 89' lang='lat' dir='ltr'><strong>decebit.</strong></span> 
     </span>
    </p>
   </div>
   <div class='ocr_carea' id='block_1_17' title="bbox 204 3487 1129 3671">
    <p class='ocr_par' dir='ltr' id='par_1_17' title="bbox 204 3487 1129 3671">
     <span class='ocr_line' id='line_1_28' title="bbox 204 3487 412 3545; baseline -0.01 0"><span class='ocrx_word' id='word_1_133' title='bbox 204 3489 244 3545; x_wconf 84' lang='lat' dir='ltr'><strong>A.</strong></span> <span class='ocrx_word' id='word_1_134' title='bbox 265 3489 299 3545; x_wconf 86' lang='grc' dir='ltr'><strong>Ρ.</strong></span> <span class='ocrx_word' id='word_1_135' title='bbox 319 3487 412 3545; x_wconf 81' lang='grc'>70-72</span> 
     </span>
     <span class='ocr_line' id='line_1_29' title="bbox 334 3601 1129 3671; baseline 0.001 -17"><span class='ocrx_word' id='word_1_136' title='bbox 334 3603 430 3654; x_wconf 87' lang='lat' dir='ltr'><strong>Multa</strong></span> <span class='ocrx_word' id='word_1_137' title='bbox 442 3609 633 3654; x_wconf 81' lang='lat' dir='ltr'><strong>renascentur</strong></span> <span class='ocrx_word' id='word_1_138' title='bbox 645 3618 718 3670; x_wconf 91' lang='lat' dir='ltr'><strong>quae</strong></span> <span class='ocrx_word' id='word_1_139' title='bbox 737 3601 794 3653; x_wconf 92' lang='lat' dir='ltr'><strong>iam</strong></span> <span class='ocrx_word' id='word_1_140' title='bbox 808 3602 949 3663; x_wconf 86' lang='lat' dir='ltr'><strong>cecidere,</strong></span> <span class='ocrx_word' id='word_1_141' title='bbox 965 3603 1129 3671; x_wconf 88' lang='lat' dir='ltr'><strong>cadentque</strong></span> 
     </span>
    </p>
   </div>
   <div class='ocr_carea' id='block_1_18' title="bbox 335 3685 1172 3837">
    <p class='ocr_par' dir='ltr' id='par_1_18' title="bbox 335 3685 1172 3837">
     <span class='ocr_line' id='line_1_30' title="bbox 335 3685 1146 3754; baseline 0.005 -19"><span class='ocrx_word' id='word_1_142' title='bbox 335 3701 409 3754; x_wconf 86' lang='lat' dir='ltr'><strong>quae</strong></span> <span class='ocrx_word' id='word_1_143' title='bbox 422 3701 501 3736; x_wconf 90' lang='lat' dir='ltr'><strong>nunc</strong></span> <span class='ocrx_word' id='word_1_144' title='bbox 513 3685 624 3737; x_wconf 91' lang='lat' dir='ltr'><strong>suntin</strong></span> <span class='ocrx_word' id='word_1_145' title='bbox 638 3687 750 3737; x_wconf 87' lang='lat' dir='ltr'><strong>honore</strong></span> <span class='ocrx_word' id='word_1_146' title='bbox 764 3686 916 3746; x_wconf 88' lang='lat' dir='ltr'><strong>vocabula,</strong></span> <span class='ocrx_word' id='word_1_147' title='bbox 930 3685 956 3736; x_wconf 85' lang='lat' dir='ltr'><strong>si</strong></span> <span class='ocrx_word' id='word_1_148' title='bbox 968 3688 1052 3738; x_wconf 90' lang='lat' dir='ltr'><strong>volet</strong></span> <span class='ocrx_word' id='word_1_149' title='bbox 1064 3704 1146 3746; x_wconf 88' lang='lat' dir='ltr'><strong>usus,</strong></span> 
     </span>
     <span class='ocr_line' id='line_1_31' title="bbox 336 3768 1172 3837; baseline 0.005 -19"><span class='ocrx_word' id='word_1_150' title='bbox 336 3784 423 3836; x_wconf 87' lang='lat' dir='ltr'><strong>quem</strong></span> <span class='ocrx_word' id='word_1_151' title='bbox 436 3783 526 3834; x_wconf 87' lang='lat' dir='ltr'><strong>penes</strong></span> <span class='ocrx_word' id='word_1_152' title='bbox 538 3768 692 3820; x_wconf 84' lang='lat' dir='ltr'><strong>arbitrium</strong></span> <span class='ocrx_word' id='word_1_153' title='bbox 705 3774 750 3821; x_wconf 88' lang='lat' dir='ltr'><strong>est</strong></span> <span class='ocrx_word' id='word_1_154' title='bbox 761 3775 792 3820; x_wconf 90' lang='lat' dir='ltr'><strong>et</strong></span> <span class='ocrx_word' id='word_1_155' title='bbox 803 3769 850 3821; x_wconf 89' lang='lat' dir='ltr'><strong>ius</strong></span> <span class='ocrx_word' id='word_1_156' title='bbox 861 3774 892 3819; x_wconf 89' lang='lat' dir='ltr'><strong>et</strong></span> <span class='ocrx_word' id='word_1_157' title='bbox 903 3783 1007 3820; x_wconf 91' lang='lat' dir='ltr'><strong>norma</strong></span> <span class='ocrx_word' id='word_1_158' title='bbox 1020 3771 1172 3837; x_wconf 90' lang='lat' dir='ltr'><strong>loquendi.</strong></span> 
     </span>
    </p>
   </div>
   <div class='ocr_carea' id='block_1_19' title="bbox 205 3904 454 3965">
    <p class='ocr_par' dir='ltr' id='par_1_19' title="bbox 205 3904 454 3965">
     <span class='ocr_line' id='line_1_32' title="bbox 205 3904 454 3965; baseline -0.024 0"><span class='ocrx_word' id='word_1_159' title='bbox 205 3909 245 3965; x_wconf 89' lang='lat' dir='ltr'><strong>A.</strong></span> <span class='ocrx_word' id='word_1_160' title='bbox 263 3906 299 3963; x_wconf 88' lang='lat' dir='ltr'><strong>P.</strong></span> <span class='ocrx_word' id='word_1_161' title='bbox 317 3904 454 3960; x_wconf 73' lang='lat'>424-425</span> 
     </span>
    </p>
   </div>
   <div class='ocr_carea' id='block_1_20' title="bbox 335 4003 1078 4154">
    <p class='ocr_par' dir='ltr' id='par_1_20' title="bbox 335 4003 1078 4154">
     <span class='ocr_line' id='line_1_33' title="bbox 667 4003 1019 4066; baseline 0.014 -13"><span class='ocrx_word' id='word_1_162' title='bbox 667 4003 803 4066; x_wconf 84' lang='lat' dir='ltr'><strong>mirabor,</strong></span> <span class='ocrx_word' id='word_1_163' title='bbox 818 4005 843 4056; x_wconf 85' lang='lat' dir='ltr'><strong>si</strong></span> <span class='ocrx_word' id='word_1_164' title='bbox 856 4005 930 4058; x_wconf 85' lang='lat' dir='ltr'><strong>sciet</strong></span> <span class='ocrx_word' id='word_1_165' title='bbox 941 4006 1019 4058; x_wconf 88' lang='lat' dir='ltr'><strong>inter</strong></span> 
     </span>
     <span class='ocr_line' id='line_1_34' title="bbox 335 4084 1078 4154; baseline 0.004 -17"><span class='ocrx_word' id='word_1_166' title='bbox 335 4101 454 4137; x_wconf 89' lang='lat' dir='ltr'><strong>noscere</strong></span> <span class='ocrx_word' id='word_1_167' title='bbox 468 4084 636 4137; x_wconf 88' lang='lat' dir='ltr'><strong>mendacem</strong></span> <span class='ocrx_word' id='word_1_168' title='bbox 650 4102 811 4154; x_wconf 88' lang='lat' dir='ltr'><strong>verumque</strong></span> <span class='ocrx_word' id='word_1_169' title='bbox 824 4088 927 4140; x_wconf 87' lang='lat' dir='ltr'><strong>beatus</strong></span> <span class='ocrx_word' id='word_1_170' title='bbox 940 4089 1078 4141; x_wconf 82' lang='lat' dir='ltr'><strong>amicum.</strong></span> 
     </span>
    </p>
   </div>
   <div class='ocr_carea' id='block_1_21' title="bbox 205 4203 749 4406">
    <p class='ocr_par' dir='ltr' id='par_1_21' title="bbox 205 4203 749 4406">
     <span class='ocr_line' id='line_1_35' title="bbox 307 4203 749 4279; baseline -0.002 -19"><span class='ocrx_word' id='word_1_171' title='bbox 307 4205 354 4279; x_wconf 86' lang='lat' dir='ltr'><strong>d).</strong></span> <span class='ocrx_word' id='word_1_172' title='bbox 400 4203 494 4261; x_wconf 84' lang='lat' dir='ltr'><strong>Third</strong></span> <span class='ocrx_word' id='word_1_173' title='bbox 510 4204 619 4260; x_wconf 82' lang='lat' dir='ltr'><strong>Person</strong></span> <span class='ocrx_word' id='word_1_174' title='bbox 637 4204 749 4262; x_wconf 82' lang='lat' dir='ltr'><strong>Plural.</strong></span> 
     </span>
     <span class='ocr_line' id='line_1_36' title="bbox 205 4336 500 4406; baseline -0.014 -11"><span class='ocrx_word' id='word_1_175' title='bbox 205 4336 262 4396; x_wconf 91' lang='lat' dir='ltr'><strong>Od.</strong></span> <span class='ocrx_word' id='word_1_176' title='bbox 277 4337 340 4406; x_wconf 88' lang='lat'>111,</span> <span class='ocrx_word' id='word_1_177' title='bbox 358 4338 388 4406; x_wconf 80' lang='lat'><strong>9,</strong></span> <span class='ocrx_word' id='word_1_178' title='bbox 408 4337 500 4392; x_wconf 78' lang='lat'>11-12</span> 
     </span>
    </p>
   </div>
   <div class='ocr_carea' id='block_1_22' title="bbox 338 4453 928 4603">
    <p class='ocr_par' dir='ltr' id='par_1_22' title="bbox 338 4453 928 4603">
     <span class='ocr_line' id='line_1_37' title="bbox 338 4453 774 4518; baseline 0.007 -16"><span class='ocrx_word' id='word_1_179' title='bbox 338 4454 393 4503; x_wconf 87' lang='lat' dir='ltr'><strong>Pro</strong></span> <span class='ocrx_word' id='word_1_180' title='bbox 405 4467 462 4518; x_wconf 85' lang='lat' dir='ltr'><strong>qua</strong></span> <span class='ocrx_word' id='word_1_181' title='bbox 474 4467 533 4502; x_wconf 93' lang='lat' dir='ltr'><strong>non</strong></span> <span class='ocrx_word' id='word_1_182' title='bbox 547 4457 676 4504; x_wconf 87' lang='lat' dir='ltr'><strong>metuam</strong></span> <span class='ocrx_word' id='word_1_183' title='bbox 690 4453 774 4514; x_wconf 87' lang='lat' dir='ltr'><strong>mori,</strong></span> 
     </span>
     <span class='ocr_line' id='line_1_38' title="bbox 370 4534 928 4603; baseline 0.002 -15"><span class='ocrx_word' id='word_1_184' title='bbox 370 4535 402 4588; x_wconf 83' lang='lat' dir='ltr'><strong>Si</strong></span> <span class='ocrx_word' id='word_1_185' title='bbox 414 4540 536 4601; x_wconf 89' lang='lat' dir='ltr'><strong>parcent</strong></span> <span class='ocrx_word' id='word_1_186' title='bbox 547 4534 661 4587; x_wconf 89' lang='lat' dir='ltr'><strong>animae</strong></span> <span class='ocrx_word' id='word_1_187' title='bbox 680 4538 739 4588; x_wconf 82' lang='lat' dir='ltr'><strong>fata</strong></span> <span class='ocrx_word' id='word_1_188' title='bbox 751 4537 928 4603; x_wconf 63' lang='lat' dir='ltr'><strong>superstiti)</strong></span> 
     </span>
    </p>
   </div>
   <div class='ocr_carea' id='block_1_23' title="bbox 0 0 1613 5250">
    <p class='ocr_par' dir='ltr' id='par_1_23' title="bbox 0 0 1613 5250">
     <span class='ocr_line' id='line_1_39' title="bbox 0 0 1613 5250; baseline 0 0"><span class='ocrx_word' id='word_1_189' title='bbox 0 0 1613 5250; x_wconf 95' lang='lat' dir='ltr'><strong> </strong></span> 
     </span>
    </p>
   </div>
  </div>
 </body>
</html>
