3194 5250
296 562 390 636 Epist.
408 563 435 627 Ι,
458 563 576 632 12,1-3

423 676 580 728 Fructibus
592 677 739 746 Agrippae
752 678 871 736 Siculis.
887 694 960 745 quos
973 677 1101 744 colligis,
1117 677 1185 729 Ioci.

424 759 455 812 Si
468 765 546 811 recte
560 760 676 822 frueris,
690 778 750 813 non
763 767 852 814 estut
864 761 949 827 copia
967 761 1061 812 maior

423 843 458 894 ab
472 846 540 895 Iove
553 843 658 895 donari
672 844 771 911 pussit
782 844 845 896 tibi.

291 944 385 1019 Epist.
404 945 432 1012 Ι,
452 944 501 1013 16,
522 945 558 1001 17

418 1059 465 1111 Tu
475 1065 554 1112 recte
567 1059 653 1122 vivis,
667 1060 692 1113 si
706 1077 791 1114 curas
804 1060 960 1128 essequod
973 1060 1068 1112 audis.

289 1161 387 1235 spur.
407 1161 451 1228 11,
473 1165 501 1230 1,
524 1162 657 1219 124-125

421 1275 547 1328 militiae
560 1292 738 1344 quamquam
751 1276 839 1344 piger-
847 1282 879 1328 et
889 1277 996 1337 malus,
1011 1275 1096 1328 utilis
1109 1275 1186 1338 urbi,
1274 1337 1275 1340 Ἴ

420 1358 445 1410 si
458 1358 511 1410 das
524 1360 590 1419 hoc,
605 1358 704 1425 parvis
719 1374 835 1426 quoque
848 1359 935 1411 rebus
948 1375 1055 1426 magna
1067 1358 1174 1412 iuvari.

292 1461 330 1517 Α.
349 1461 384 1517 Ρ.
406 1461 541 1517 102-103

685 1575 710 1627 si
723 1575 767 1629 vis
780 1592 827 1627 me
839 1575 919 1636 flere,
933 1575 1097 1627 dolendum
1111 1582 1158 1627 est

422 1657 552 1724 primum
564 1657 624 1725 ipsi
636 1658 707 1711 tibi:

293 1761 330 1817 Α.
348 1760 385 1817 Ρ.
406 1760 541 1816 154-15?

421 1874 446 1925 si
459 1874 590 1941 plosoris
602 1890 670 1941 eges
682 1876 786 1926 aulaea
798 1874 946 1926 manentis
959 1880 988 1926 et
1001 1891 1094 1942 usque

418 1956 537 2018 sessuri,
551 1957 646 2008 donee
656 1963 759 2009 cantor
780 1961 849 2011 ‘vos
861 1957 1009 2024 plaudite'
1024 1957 1114 2020 dieat,

418 2040 523 2092 aetatis
535 2039 677 2107 cuiusque
690 2040 814 2092 notandi
827 2047 898 2092 sunt
909 2041 964 2093 tibi
976 2057 1083 2101 mores,

420 2123 639 2190 mobilibusque
651 2124 738 2175 decor
750 2124 863 2176 naturis
876 2124 992 2176 dandus
1004 2130 1035 2176 et
1046 2124 1142 2176 annis.

391 2245 439 2316 o).
483 2242 578 2300 Third
593 2243 705 2300 Person
723 2240 874 2318 singular.

288 2376 345 2436 Od.
364 2375 392 2445 1,
413 2379 441 2444 1,
460 2377 512 2433 7-8

422 2495 519 2552 Hunc,
534 2491 559 2542 si
572 2490 727 2543 mobilium
740 2491 826 2543 turba
839 2492 1001 2557 Quiritium

315 2620 317 2625 ⁴
422 2576 521 2627 Certat
533 2574 706 2641 tergeminis
719 2575 825 2626 tollere
837 2574 1015 2635 honoribus;

289 2676 347 2736 Od.
365 2677 392 2747 1,
412 2680 441 2746 1,
459 2677 553 2733 29-34

420 2794 469 2842 Me
481 2791 635 2843 doctarum
647 2791 774 2843 hederae
786 2792 917 2858 praemia
928 2792 1073 2844 frontium

422 2873 475 2925 Dis
488 2873 614 2925 miscent
626 2874 751 2940 superis,
765 2890 812 2926 me
824 2874 958 2942 gelidum
971 2891 1075 2927 nemus

424 2958 689 3024 Nympharumque
703 2958 783 3009 loves
795 2974 862 3010 cum
876 2958 989 3025 Satyris
1001 2959 1085 3010 chori

420 3042 584 3093 Secemunt
595 3041 718 3106 populo,
730 3039 755 3091 si
768 3056 863 3108 neque
874 3041 961 3093 tibias

421 3125 551 3189 Euterpe
564 3122 684 3174 cohibet
696 3139 750 3175 nec
763 3124 963 3191 Polyhymnia

421 3206 568 3261 Lesboum
580 3205 692 3272 refugit
703 3205 824 3258 tendere
835 3206 982 3259 barbiton.

290 3323 348 3383 Od.
367 3324 428 3393 111,
450 3326 499 3392 15,
518 3325 570 3381 7-8

422 3442 499 3499 Non,
514 3438 612 3505 siquid
625 3440 759 3491 Pholoen
772 3440 844 3492 satis

422 3522 462 3577 Et
472 3526 512 3582 te,
524 3521 637 3584 Chlori,
648 3522 750 3574 decet:

291 3640 348 3700 Od.
366 3641 428 3709 ΙΙΙ,
447 3640 498 3708 29,
518 3641 612 3696 29-32

424 3754 557 3807 Prudens
570 3754 663 3806 futuri
673 3755 816 3821 temporis
828 3755 943 3808 exitum

423 3837 592 3904 Caliginosa
603 3844 689 3890 noete
702 3837 811 3905 premit
822 3839 895 3890 deus

458 3920 615 3988 Ridetque‚
630 3921 655 3972 si
668 3921 803 3975 mortalis
816 3924 896 3974 ultra

489 4006 545 4056 Fas
557 4004 695 4070 trepidat.

293 4106 350 4165 Od.
369 4106 431 4174 ΙΙΙ,
450 4106 501 4174 29,
520 4107 614 4162 53-56

426 4221 527 4277 Laudo
540 4227 724 4283 manentem;
739 4221 764 4272 si
777 4222 881 4273 celeris
894 4222 990 4288 quatit

424 4303 542 4364 Pinnas,
557 4304 673 4370 resigno
687 4320 760 4372 quae
772 4304 855 4356 dedit
866 4312 897 4356 et
908 4321 973 4356 mea

458 4387 575 4439 Virtute
587 4404 633 4439 me
647 4387 768 4439 involvo
781 4389 961 4455 probamque

490 4471 664 4536 Pauperiem
677 4469 741 4522 sine
753 4469 822 4522 dote
833 4486 950 4538 quaero.
