3194 5250
784 384 822 441 65

200 603 272 677 50).
319 603 430 661 Futuro
445 603 613 661 Indicative
628 601 658 658 in
670 602 720 660 the
734 601 881 660 protasis.

243 704 283 760 A.
311 701 358 760 Sl.

201 870 298 930 Serm.
313 871 358 941 11,
373 871 404 942 3,
422 870 518 928 66-68

293 1059 295 1063 .
333 1001 452 1069 ‘Accipe
464 1001 544 1069 quod
557 1016 719 1068 numquam
734 999 840 1052 reddas
852 999 938 1053 mihi'
953 1001 979 1053 si
990 1001 1046 1053 tibi
1058 1001 1164 1064 dicam,

331 1090 404 1137 tune
414 1085 539 1136 insanus
552 1085 610 1136 eris
623 1085 649 1136 si
660 1085 819 1151 acceperis,
830 1101 867 1136 an
880 1085 975 1152 magis
987 1101 1092 1139 excors

334 1168 442 1221 reiecta
453 1168 573 1235 praeda,
583 1184 672 1235 quam
684 1182 824 1234 praesens
837 1168 1004 1221 Mercurius
1018 1169 1093 1221 fert?

201 1303 297 1362 Serm.
313 1304 358 1373 11,
375 1305 406 1372 4,
425 1305 522 1361 51-53

335 1435 462 1488 Massica
474 1435 500 1488 si
512 1437 596 1487 caelo
608 1451 761 1502 suppones
774 1435 844 1489 vina
855 1451 970 1499 sereno,

333 1525 487 1581 nocturna,
501 1518 601 1586 siquid
614 1519 706 1571 crassi
718 1525 772 1580 est,
786 1519 960 1571 tenuabitur
971 1537 1052 1582 aura,

333 1608 363 1654 et
374 1602 500 1655 decedet
510 1603 585 1654 odor
596 1602 698 1655 nervis
709 1601 851 1655 inimicus
861 1618 867 1665 ;

201 1738 299 1798 serm.
318 1739 363 1807 11,
381 1739 411 1808 5,
430 1703 526 1796 27ss30

335 1874 444 1937 Magna
456 1870 591 1923 minorve
604 1871 669 1922 foro
681 1871 707 1922 si
719 1887 766 1922 res
778 1871 941 1924 certabitur
952 1870 1036 1933 olim,

333 1953 414 2006 vivet
427 1960 493 2007 uter
506 1955 644 2021 locuples
657 1953 721 2006 sine
733 1954 842 2021 gnatis,
855 1954 1018 2021 improbus,
1033 1955 1114 2007 ultro

334 2037 385 2105 qui
398 2037 553 2089 meliorem
565 2037 662 2089 audax
675 2042 761 2089 vocet
772 2037 804 2089 in
816 2037 874 2098 ius,
887 2037 973 2090 illius
985 2045 1049 2091 esto

333 2121 489 2183 defensor;

201 2352 274 2424 51).
320 2351 445 2408 Prosent
460 2348 654 2426 subjunctivo
670 2350 699 2406 in
716 2351 765 2407 the
779 2350 926 2409 Protasis.

243 2451 285 2508 A.
311 2448 355 2509 si.

204 2585 243 2641 A.
261 2584 296 2641 Ρ.
317 2584 368 2640 1-5

333 2702 475 2751 Humano
487 2699 578 2766 capiti
590 2698 736 2752 cervicem
747 2698 846 2766 pictor
857 2699 996 2767 equinam

334 2782 457 2850 iungere
469 2783 496 2834 si
508 2783 583 2836 velit
593 2788 624 2834 et
636 2782 732 2836 varias
743 2782 885 2834 inducere
897 2784 1016 2850 plumas

333 2865 465 2933 undique
477 2866 605 2919 conlatis
617 2866 768 2928 membris,
783 2872 817 2917 ut
828 2866 959 2933 turpiter
970 2873 1068 2918 atrum

334 2949 451 3001 desinat
463 2949 494 3001 in
507 2949 620 3016 piscem
632 2949 742 3001 mulier
754 2950 884 3002 formosa
896 2965 1024 3017 superne
1036 2965 1042 3001 :

332 3039 500 3100 spectatum
511 3024 634 3085 admissi
647 3033 741 3085 risum
753 3033 880 3086 teneatis
892 3033 999 3085 amici?

198 3267 270 3339 52).
316 3263 478 3339 Imperfect
492 3262 686 3342 subjunctive
702 3264 732 3321 in
748 3266 798 3323 the
814 3265 961 3322 Protesis.

240 3367 282 3423 A.
310 3362 357 3422 si.

176 3589 179 3597 ¹
199 3516 297 3592 Epist.
314 3517 359 3583 Π,
380 3519 407 3586 1,
429 3515 564 3573 194-196

252 3643 255 3648 ’
331 3647 363 3701 Si
375 3648 453 3700 foret
464 3648 496 3699 in
507 3648 605 3710 terris,
620 3649 730 3701 rideret
743 3649 943 3710 Democritus,
958 3664 1010 3700 seu

331 3731 484 3784 diversum
496 3733 620 3785 confusa
631 3747 726 3799 genus
738 3734 884 3799 panthera
896 3734 1010 3784 camelo

330 3815 393 3867 sive
404 3816 548 3883 elephans
560 3816 647 3867 albus
659 3817 741 3883 volgi
753 3823 941 3868 converteret
952 3831 1019 3867 ora:

198 3949 295 4024 Epist.
314 3949 359 4019 11,
378 3951 408 4018 2,
428 3952 562 4008 155·157

331 4085 371 4133 At
382 4081 407 4135 si
420 4083 542 4136 divitiae
554 4084 732 4150 prudentem
745 4084 868 4135 reddere
881 4089 1012 4150 possent.

332 4164 358 4216 si
368 4165 511 4232 cupidum
522 4166 722 4234 timidumque
735 4166 835 4218 minus
847 4173 892 4218 te:
913 4182 1020 4233 nempe
1033 4166 1162 4227 tuberes,

332 4248 445 4301 viveret
457 4248 488 4300 in
501 4249 589 4301 terris
601 4257 630 4302 te
644 4250 736 4317 siquis
749 4249 862 4302 avarior
874 4265 943 4301 uno.

783 4387 799 4442 9
