<?xml version="1.0" encoding="UTF-8"?>
<!DOCTYPE html PUBLIC "-//W3C//DTD XHTML 1.0 Transitional//EN"
    "http://www.w3.org/TR/xhtml1/DTD/xhtml1-transitional.dtd">
<html xmlns="http://www.w3.org/1999/xhtml" xml:lang="en" lang="en">
 <head>
  <title>
</title>
<meta http-equiv="Content-Type" content="text/html;charset=utf-8" />
  <meta name='ocr-system' content='tesseract 3.04.00' />
  <meta name='ocr-capabilities' content='ocr_page ocr_carea ocr_par ocr_line ocrx_word'/>
</head>
<body>
  <div class='ocr_page' id='page_1' title='image "./conditionalperi00eldegoog_0025.png"; bbox 0 0 3194 5250; ppageno 0'>
   <div class='ocr_carea' id='block_1_1' title="bbox 148 600 353 657">
    <p class='ocr_par' dir='ltr' id='par_1_1' title="bbox 148 600 353 657">
     <span class='ocr_line' id='line_1_1' title="bbox 148 600 353 657; baseline -0.01 -1"><span class='ocrx_word' id='word_1_1' title='bbox 148 601 188 656; x_wconf 80' lang='lat' dir='ltr'>A.</span> <span class='ocrx_word' id='word_1_2' title='bbox 208 601 242 657; x_wconf 91' lang='grc' dir='ltr'>Ρ.</span> <span class='ocrx_word' id='word_1_3' title='bbox 265 600 353 655; x_wconf 76' lang='lat'>19-21</span> 
     </span>
    </p>
   </div>
   <div class='ocr_carea' id='block_1_2' title="bbox 279 697 1138 929">
    <p class='ocr_par' dir='ltr' id='par_1_2' title="bbox 279 697 1138 929">
     <span class='ocr_line' id='line_1_2' title="bbox 777 697 1138 764; baseline -0.003 -13"><span class='ocrx_word' id='word_1_4' title='bbox 777 698 817 751; x_wconf 88' lang='lat' dir='ltr'>Et</span> <span class='ocrx_word' id='word_1_5' title='bbox 829 697 953 748; x_wconf 83' lang='lat' dir='ltr'>fortasse</span> <span class='ocrx_word' id='word_1_6' title='bbox 966 713 1138 764; x_wconf 80' lang='lat' dir='ltr'>cupressum</span> 
     </span>
     <span class='ocr_line' id='line_1_3' title="bbox 279 778 1043 847; baseline 0.001 -16"><span class='ocrx_word' id='word_1_7' title='bbox 279 780 336 831; x_wconf 87' lang='lat' dir='ltr'>scis</span> <span class='ocrx_word' id='word_1_8' title='bbox 349 779 490 830; x_wconf 91' lang='lat' dir='ltr'>simulare</span> <span class='ocrx_word' id='word_1_9' title='bbox 501 794 506 839; x_wconf 89' lang='lat'>;</span> <span class='ocrx_word' id='word_1_10' title='bbox 527 778 677 846; x_wconf 88' lang='lat' dir='ltr'>quidhoc,</span> <span class='ocrx_word' id='word_1_11' title='bbox 692 778 717 829; x_wconf 90' lang='lat' dir='ltr'>si</span> <span class='ocrx_word' id='word_1_12' title='bbox 732 779 832 831; x_wconf 87' lang='lat' dir='ltr'>fractis</span> <span class='ocrx_word' id='word_1_13' title='bbox 844 786 944 832; x_wconf 82' lang='lat' dir='ltr'><strong>enatat</strong></span> <span class='ocrx_word' id='word_1_14' title='bbox 953 796 1043 847; x_wconf 85' lang='lat' dir='ltr'>expes</span> 
     </span>
     <span class='ocr_line' id='line_1_4' title="bbox 280 861 808 929; baseline 0 -16"><span class='ocrx_word' id='word_1_15' title='bbox 280 863 413 922; x_wconf 77' lang='lat' dir='ltr'>navibuS,</span> <span class='ocrx_word' id='word_1_16' title='bbox 427 877 493 913; x_wconf 87' lang='lat' dir='ltr'>aere</span> <span class='ocrx_word' id='word_1_17' title='bbox 506 863 575 912; x_wconf 87' lang='lat' dir='ltr'>dato</span> <span class='ocrx_word' id='word_1_18' title='bbox 588 861 639 929; x_wconf 92' lang='lat' dir='ltr'>qui</span> <span class='ocrx_word' id='word_1_19' title='bbox 653 861 808 928; x_wconf 85' lang='lat' dir='ltr'><strong>pingitur?</strong></span> 
     </span>
    </p>
   </div>
   <div class='ocr_carea' id='block_1_3' title="bbox 149 999 296 1055">
    <p class='ocr_par' dir='ltr' id='par_1_3' title="bbox 149 999 296 1055">
     <span class='ocr_line' id='line_1_5' title="bbox 149 999 296 1055; baseline -0.007 -1"><span class='ocrx_word' id='word_1_20' title='bbox 149 1000 187 1054; x_wconf 88' lang='lat' dir='ltr'>A.</span> <span class='ocrx_word' id='word_1_21' title='bbox 207 999 241 1055; x_wconf 93' lang='grc' dir='ltr'>Ρ.</span> <span class='ocrx_word' id='word_1_22' title='bbox 262 999 296 1053; x_wconf 82' lang='lat'>31</span> 
     </span>
    </p>
   </div>
   <div class='ocr_carea' id='block_1_4' title="bbox 281 1098 960 1179">
    <p class='ocr_par' dir='ltr' id='par_1_4' title="bbox 281 1098 960 1179">
     <span class='ocr_line' id='line_1_6' title="bbox 281 1098 960 1179; baseline 0.003 -16"><span class='ocrx_word' id='word_1_23' title='bbox 281 1117 316 1164; x_wconf 90' lang='lat' dir='ltr'>In</span> <span class='ocrx_word' id='word_1_24' title='bbox 329 1098 532 1165; x_wconf 54' lang='lat' dir='ltr'>vitium&#39;ducit</span> <span class='ocrx_word' id='word_1_25' title='bbox 545 1113 651 1178; x_wconf 88' lang='lat' dir='ltr'>culpae</span> <span class='ocrx_word' id='word_1_26' title='bbox 666 1113 744 1179; x_wconf 86' lang='lat' dir='ltr'>fuga,</span> <span class='ocrx_word' id='word_1_27' title='bbox 760 1113 784 1164; x_wconf 92' lang='lat' dir='ltr'>si</span> <span class='ocrx_word' id='word_1_28' title='bbox 798 1119 878 1165; x_wconf 88' lang='lat' dir='ltr'>caret</span> <span class='ocrx_word' id='word_1_29' title='bbox 889 1120 960 1165; x_wconf 87' lang='lat' dir='ltr'>arte.</span> 
     </span>
    </p>
   </div>
   <div class='ocr_carea' id='block_1_5' title="bbox 149 1249 353 1306">
    <p class='ocr_par' dir='ltr' id='par_1_5' title="bbox 149 1249 353 1306">
     <span class='ocr_line' id='line_1_7' title="bbox 149 1249 353 1306; baseline -0.005 -1"><span class='ocrx_word' id='word_1_30' title='bbox 149 1251 188 1305; x_wconf 83' lang='lat' dir='ltr'>A.</span> <span class='ocrx_word' id='word_1_31' title='bbox 208 1250 242 1306; x_wconf 91' lang='grc' dir='ltr'>Ρ.</span> <span class='ocrx_word' id='word_1_32' title='bbox 259 1249 353 1304; x_wconf 74' lang='grc'>95-98</span> 
     </span>
    </p>
   </div>
   <div class='ocr_carea' id='block_1_6' title="bbox 280 1363 1072 1681">
    <p class='ocr_par' dir='ltr' id='par_1_6' title="bbox 280 1363 1072 1597">
     <span class='ocr_line' id='line_1_8' title="bbox 280 1363 1023 1430; baseline 0.001 -16"><span class='ocrx_word' id='word_1_33' title='bbox 280 1369 310 1414; x_wconf 95' lang='lat' dir='ltr'>et</span> <span class='ocrx_word' id='word_1_34' title='bbox 322 1363 452 1429; x_wconf 86' lang='lat' dir='ltr'>tragicus</span> <span class='ocrx_word' id='word_1_35' title='bbox 465 1365 642 1430; x_wconf 88' lang='lat' dir='ltr'>plerumque</span> <span class='ocrx_word' id='word_1_36' title='bbox 651 1363 735 1415; x_wconf 87' lang='lat' dir='ltr'>dolet</span> <span class='ocrx_word' id='word_1_37' title='bbox 746 1379 880 1415; x_wconf 88' lang='lat' dir='ltr'>sermone</span> <span class='ocrx_word' id='word_1_38' title='bbox 894 1365 1023 1430; x_wconf 85' lang='lat' dir='ltr'>pedestri</span> 
     </span>
     <span class='ocr_line' id='line_1_9' title="bbox 280 1447 1072 1514; baseline 0.003 -17"><span class='ocrx_word' id='word_1_39' title='bbox 280 1447 432 1512; x_wconf 86' lang='lat' dir='ltr'>Telephus</span> <span class='ocrx_word' id='word_1_40' title='bbox 444 1452 474 1498; x_wconf 92' lang='lat' dir='ltr'>et</span> <span class='ocrx_word' id='word_1_41' title='bbox 486 1447 602 1506; x_wconf 86' lang='lat' dir='ltr'>Peleus,</span> <span class='ocrx_word' id='word_1_42' title='bbox 617 1462 684 1497; x_wconf 91' lang='lat' dir='ltr'>cum</span> <span class='ocrx_word' id='word_1_43' title='bbox 698 1462 810 1513; x_wconf 86' lang='lat' dir='ltr'>pauper</span> <span class='ocrx_word' id='word_1_44' title='bbox 823 1453 852 1498; x_wconf 92' lang='lat' dir='ltr'>et</span> <span class='ocrx_word' id='word_1_45' title='bbox 864 1448 936 1498; x_wconf 83' lang='lat' dir='ltr'>exul</span> <span class='ocrx_word' id='word_1_46' title='bbox 948 1454 1072 1514; x_wconf 89' lang='lat' dir='ltr'>uterque</span> 
     </span>
     <span class='ocr_line' id='line_1_10' title="bbox 280 1529 931 1597; baseline 0.002 -17"><span class='ocrx_word' id='word_1_47' title='bbox 280 1529 388 1596; x_wconf 90' lang='lat' dir='ltr'>proicit</span> <span class='ocrx_word' id='word_1_48' title='bbox 400 1530 550 1595; x_wconf 85' lang='lat' dir='ltr'>ampullas</span> <span class='ocrx_word' id='word_1_49' title='bbox 562 1536 592 1580; x_wconf 90' lang='lat' dir='ltr'>et</span> <span class='ocrx_word' id='word_1_50' title='bbox 604 1529 821 1597; x_wconf 86' lang='lat' dir='ltr'>sesquipedalia</span> <span class='ocrx_word' id='word_1_51' title='bbox 834 1531 931 1592; x_wconf 89' lang='lat' dir='ltr'>verba,</span> 
     </span>
    </p>

    <p class='ocr_par' dir='ltr' id='par_1_7' title="bbox 281 1613 946 1681">
     <span class='ocr_line' id='line_1_11' title="bbox 281 1613 946 1681; baseline 0 -17"><span class='ocrx_word' id='word_1_52' title='bbox 281 1613 306 1664; x_wconf 90' lang='lat' dir='ltr'>si</span> <span class='ocrx_word' id='word_1_53' title='bbox 318 1620 402 1664; x_wconf 89' lang='lat' dir='ltr'>curat</span> <span class='ocrx_word' id='word_1_54' title='bbox 414 1629 464 1664; x_wconf 88' lang='lat' dir='ltr'>cor</span> <span class='ocrx_word' id='word_1_55' title='bbox 482 1613 644 1679; x_wconf 88' lang='lat' dir='ltr'>spectantis</span> <span class='ocrx_word' id='word_1_56' title='bbox 656 1613 790 1679; x_wconf 87' lang='lat' dir='ltr'>tetigisse</span> <span class='ocrx_word' id='word_1_57' title='bbox 804 1616 946 1681; x_wconf 87' lang='lat' dir='ltr'>querella.</span> 
     </span>
    </p>
   </div>
   <div class='ocr_carea' id='block_1_7' title="bbox 149 1749 400 1806">
    <p class='ocr_par' dir='ltr' id='par_1_8' title="bbox 149 1749 400 1806">
     <span class='ocr_line' id='line_1_12' title="bbox 149 1749 400 1806; baseline -0.008 0"><span class='ocrx_word' id='word_1_58' title='bbox 149 1752 189 1806; x_wconf 87' lang='lat' dir='ltr'>A.</span> <span class='ocrx_word' id='word_1_59' title='bbox 208 1750 244 1806; x_wconf 84' lang='lat' dir='ltr'>P.</span> <span class='ocrx_word' id='word_1_60' title='bbox 263 1749 400 1805; x_wconf 73' lang='lat'>248-250</span> 
     </span>
    </p>
   </div>
   <div class='ocr_carea' id='block_1_8' title="bbox 281 1863 1094 2096">
    <p class='ocr_par' dir='ltr' id='par_1_9' title="bbox 281 1863 1094 2096">
     <span class='ocr_line' id='line_1_13' title="bbox 281 1863 1094 1932; baseline 0.002 -18"><span class='ocrx_word' id='word_1_61' title='bbox 281 1863 473 1914; x_wconf 85' lang='lat' dir='ltr'>offenduntur</span> <span class='ocrx_word' id='word_1_62' title='bbox 485 1863 565 1915; x_wconf 91' lang='lat' dir='ltr'>enim</span> <span class='ocrx_word' id='word_1_63' title='bbox 579 1863 686 1931; x_wconf 91' lang='lat' dir='ltr'>quibus</span> <span class='ocrx_word' id='word_1_64' title='bbox 700 1870 744 1916; x_wconf 89' lang='lat' dir='ltr'>cst</span> <span class='ocrx_word' id='word_1_65' title='bbox 756 1880 847 1932; x_wconf 90' lang='lat' dir='ltr'>equos</span> <span class='ocrx_word' id='word_1_66' title='bbox 859 1870 890 1916; x_wconf 88' lang='lat' dir='ltr'>et</span> <span class='ocrx_word' id='word_1_67' title='bbox 902 1871 985 1931; x_wconf 92' lang='lat' dir='ltr'>pater</span> <span class='ocrx_word' id='word_1_68' title='bbox 996 1871 1026 1916; x_wconf 90' lang='lat' dir='ltr'>et</span> <span class='ocrx_word' id='word_1_69' title='bbox 1039 1882 1094 1926; x_wconf 92' lang='lat' dir='ltr'>res,</span> 
     </span>
     <span class='ocr_line' id='line_1_14' title="bbox 281 1947 1040 2015; baseline 0.003 -17"><span class='ocrx_word' id='word_1_70' title='bbox 281 1963 335 1999; x_wconf 90' lang='lat' dir='ltr'>nec</span> <span class='ocrx_word' id='word_1_71' title='bbox 348 1947 446 2014; x_wconf 90' lang='lat' dir='ltr'>siquid</span> <span class='ocrx_word' id='word_1_72' title='bbox 460 1947 541 1999; x_wconf 74' lang='lat' dir='ltr'>fricti</span> <span class='ocrx_word' id='word_1_73' title='bbox 552 1947 655 1998; x_wconf 88' lang='lat' dir='ltr'>ciceris</span> <span class='ocrx_word' id='word_1_74' title='bbox 669 1947 773 2013; x_wconf 89' lang='lat' dir='ltr'>probat</span> <span class='ocrx_word' id='word_1_75' title='bbox 786 1954 815 2000; x_wconf 92' lang='lat' dir='ltr'>et</span> <span class='ocrx_word' id='word_1_76' title='bbox 827 1949 911 2000; x_wconf 90' lang='lat' dir='ltr'>nucis</span> <span class='ocrx_word' id='word_1_77' title='bbox 923 1955 1040 2015; x_wconf 87' lang='lat' dir='ltr'>emptor</span> 
     </span>
     <span class='ocr_line' id='line_1_15' title="bbox 281 2029 957 2096; baseline 0.003 -15"><span class='ocrx_word' id='word_1_78' title='bbox 281 2030 382 2096; x_wconf 89' lang='lat' dir='ltr'>aequis</span> <span class='ocrx_word' id='word_1_79' title='bbox 395 2031 546 2096; x_wconf 91' lang='lat' dir='ltr'>accipiunt</span> <span class='ocrx_word' id='word_1_80' title='bbox 558 2029 665 2081; x_wconf 89' lang='lat' dir='ltr'>animis</span> <span class='ocrx_word' id='word_1_81' title='bbox 678 2030 828 2083; x_wconf 86' lang='lat' dir='ltr'>donantve</span> <span class='ocrx_word' id='word_1_82' title='bbox 840 2047 957 2084; x_wconf 88' lang='lat' dir='ltr'>corona.</span> 
     </span>
    </p>
   </div>
   <div class='ocr_carea' id='block_1_9' title="bbox 149 2186 399 2243">
    <p class='ocr_par' dir='ltr' id='par_1_10' title="bbox 149 2186 399 2243">
     <span class='ocr_line' id='line_1_16' title="bbox 149 2186 399 2243; baseline -0.004 -1"><span class='ocrx_word' id='word_1_83' title='bbox 149 2189 188 2242; x_wconf 86' lang='lat' dir='ltr'>A.</span> <span class='ocrx_word' id='word_1_84' title='bbox 207 2187 242 2243; x_wconf 88' lang='grc' dir='ltr'>Ρ.</span> <span class='ocrx_word' id='word_1_85' title='bbox 263 2186 399 2242; x_wconf 79' lang='grc'><strong>354-356</strong></span> 
     </span>
    </p>
   </div>
   <div class='ocr_carea' id='block_1_10' title="bbox 279 2300 1075 2533">
    <p class='ocr_par' dir='ltr' id='par_1_11' title="bbox 279 2300 1075 2533">
     <span class='ocr_line' id='line_1_17' title="bbox 280 2300 975 2368; baseline -0.001 -15"><span class='ocrx_word' id='word_1_86' title='bbox 280 2305 321 2353; x_wconf 89' lang='lat' dir='ltr'>Ut</span> <span class='ocrx_word' id='word_1_87' title='bbox 333 2301 460 2366; x_wconf 89' lang='lat' dir='ltr'>scriptor</span> <span class='ocrx_word' id='word_1_88' title='bbox 473 2301 497 2351; x_wconf 92' lang='lat' dir='ltr'>si</span> <span class='ocrx_word' id='word_1_89' title='bbox 511 2306 614 2367; x_wconf 89' lang='lat' dir='ltr'>peccat</span> <span class='ocrx_word' id='word_1_90' title='bbox 625 2300 705 2351; x_wconf 91' lang='lat' dir='ltr'>idem</span> <span class='ocrx_word' id='word_1_91' title='bbox 721 2300 858 2351; x_wconf 88' lang='lat' dir='ltr'>librarius</span> <span class='ocrx_word' id='word_1_92' title='bbox 872 2316 975 2368; x_wconf 90' lang='lat' dir='ltr'>usque,</span> 
     </span>
     <span class='ocr_line' id='line_1_18' title="bbox 282 2383 1075 2451; baseline 0 -17"><span class='ocrx_word' id='word_1_93' title='bbox 282 2384 416 2451; x_wconf 90' lang='lat' dir='ltr'>quamvis</span> <span class='ocrx_word' id='word_1_94' title='bbox 429 2390 474 2434; x_wconf 90' lang='lat' dir='ltr'>est</span> <span class='ocrx_word' id='word_1_95' title='bbox 487 2383 628 2444; x_wconf 88' lang='lat' dir='ltr'>monitus,</span> <span class='ocrx_word' id='word_1_96' title='bbox 643 2383 728 2435; x_wconf 91' lang='lat' dir='ltr'>venia</span> <span class='ocrx_word' id='word_1_97' title='bbox 742 2389 829 2442; x_wconf 90' lang='lat' dir='ltr'>caret,</span> <span class='ocrx_word' id='word_1_98' title='bbox 844 2389 874 2435; x_wconf 94' lang='lat' dir='ltr'>et</span> <span class='ocrx_word' id='word_1_99' title='bbox 887 2383 1075 2435; x_wconf 85' lang='lat' dir='ltr'>citharoedus</span> 
     </span>
     <span class='ocr_line' id='line_1_19' title="bbox 279 2466 977 2533; baseline -0.001 -15"><span class='ocrx_word' id='word_1_100' title='bbox 279 2467 403 2528; x_wconf 88' lang='lat' dir='ltr'>ridetur,</span> <span class='ocrx_word' id='word_1_101' title='bbox 417 2466 527 2518; x_wconf 91' lang='lat' dir='ltr'>chorda</span> <span class='ocrx_word' id='word_1_102' title='bbox 537 2466 588 2533; x_wconf 90' lang='lat' dir='ltr'>qui</span> <span class='ocrx_word' id='word_1_103' title='bbox 601 2482 717 2533; x_wconf 91' lang='lat' dir='ltr'>semper</span> <span class='ocrx_word' id='word_1_104' title='bbox 730 2466 847 2518; x_wconf 89' lang='lat' dir='ltr'>oberrat</span> <span class='ocrx_word' id='word_1_105' title='bbox 858 2467 960 2518; x_wconf 89' lang='lat' dir='ltr'>eadem</span> <span class='ocrx_word' id='word_1_106' title='bbox 973 2483 977 2516; x_wconf 94' lang='lat'>:</span> 
     </span>
    </p>
   </div>
   <div class='ocr_carea' id='block_1_11' title="bbox 251 2602 697 2674">
    <p class='ocr_par' dir='ltr' id='par_1_12' title="bbox 251 2602 697 2674">
     <span class='ocr_line' id='line_1_20' title="bbox 251 2602 697 2674; baseline -0.002 -15"><span class='ocrx_word' id='word_1_107' title='bbox 251 2604 301 2674; x_wconf 90' lang='lat' dir='ltr'>d).</span> <span class='ocrx_word' id='word_1_108' title='bbox 344 2602 438 2660; x_wconf 69' lang='lat' dir='ltr'>&#39;Phil-d</span> <span class='ocrx_word' id='word_1_109' title='bbox 454 2604 565 2660; x_wconf 79' lang='lat' dir='ltr'>Person</span> <span class='ocrx_word' id='word_1_110' title='bbox 585 2602 697 2659; x_wconf 83' lang='lat' dir='ltr'>Plural.</span> 
     </span>
    </p>
   </div>
   <div class='ocr_carea' id='block_1_12' title="bbox 149 2771 467 2840">
    <p class='ocr_par' dir='ltr' id='par_1_13' title="bbox 149 2771 467 2840">
     <span class='ocr_line' id='line_1_21' title="bbox 149 2771 467 2840; baseline -0.009 -11"><span class='ocrx_word' id='word_1_111' title='bbox 149 2772 205 2830; x_wconf 83' lang='lat' dir='ltr'>Od.</span> <span class='ocrx_word' id='word_1_112' title='bbox 221 2771 283 2839; x_wconf 90' lang='lat' dir='ltr'>III,</span> <span class='ocrx_word' id='word_1_113' title='bbox 302 2771 352 2840; x_wconf 76' lang='lat'>24,</span> <span class='ocrx_word' id='word_1_114' title='bbox 372 2771 467 2827; x_wconf 77' lang='lat'>35-44</span> 
     </span>
    </p>
   </div>
   <div class='ocr_carea' id='block_1_13' title="bbox 280 2902 928 3720">
    <p class='ocr_par' dir='ltr' id='par_1_14' title="bbox 281 2902 675 2969">
     <span class='ocr_line' id='line_1_22' title="bbox 281 2902 675 2969; baseline 0.003 -17"><span class='ocrx_word' id='word_1_115' title='bbox 281 2903 360 2967; x_wconf 84' lang='lat' dir='ltr'>Quid</span> <span class='ocrx_word' id='word_1_116' title='bbox 372 2904 454 2969; x_wconf 91' lang='lat' dir='ltr'>leges</span> <span class='ocrx_word' id='word_1_117' title='bbox 466 2902 530 2953; x_wconf 89' lang='lat' dir='ltr'>sine</span> <span class='ocrx_word' id='word_1_118' title='bbox 543 2902 675 2953; x_wconf 90' lang='lat' dir='ltr'>moribus</span> 
     </span>
    </p>

    <p class='ocr_par' dir='ltr' id='par_1_15' title="bbox 281 2985 879 3121">
     <span class='ocr_line' id='line_1_23' title="bbox 314 2985 879 3053; baseline -0.002 -16"><span class='ocrx_word' id='word_1_119' title='bbox 314 2990 413 3038; x_wconf 89' lang='lat' dir='ltr'>Vanae</span> <span class='ocrx_word' id='word_1_120' title='bbox 427 2985 595 3053; x_wconf 88' lang='lat' dir='ltr'>proficiunt,</span> <span class='ocrx_word' id='word_1_121' title='bbox 610 2986 742 3053; x_wconf 89' lang='lat' dir='ltr'>sineque</span> <span class='ocrx_word' id='word_1_122' title='bbox 757 2985 879 3038; x_wconf 75' lang='lat' dir='ltr'>fervidis</span> 
     </span>
     <span class='ocr_line' id='line_1_24' title="bbox 281 3069 639 3121; baseline -0.003 0"><span class='ocrx_word' id='word_1_123' title='bbox 281 3073 351 3121; x_wconf 89' lang='lat' dir='ltr'>Pars</span> <span class='ocrx_word' id='word_1_124' title='bbox 363 3069 480 3121; x_wconf 89' lang='lat' dir='ltr'>inclusa</span> <span class='ocrx_word' id='word_1_125' title='bbox 492 3069 639 3121; x_wconf 89' lang='lat' dir='ltr'>caloribus</span> 
     </span>
    </p>

    <p class='ocr_par' dir='ltr' id='par_1_16' title="bbox 280 3152 872 3303">
     <span class='ocr_line' id='line_1_25' title="bbox 315 3152 872 3204; baseline 0 -1"><span class='ocrx_word' id='word_1_126' title='bbox 315 3152 421 3204; x_wconf 91' lang='lat' dir='ltr'>Mundi</span> <span class='ocrx_word' id='word_1_127' title='bbox 434 3168 487 3204; x_wconf 94' lang='lat' dir='ltr'>nec</span> <span class='ocrx_word' id='word_1_128' title='bbox 498 3157 606 3204; x_wconf 89' lang='lat' dir='ltr'>Boreae</span> <span class='ocrx_word' id='word_1_129' title='bbox 618 3152 779 3203; x_wconf 87' lang='lat' dir='ltr'>finitimum</span> <span class='ocrx_word' id='word_1_130' title='bbox 792 3153 872 3204; x_wconf 89' lang='lat' dir='ltr'>latus</span> 
     </span>
     <span class='ocr_line' id='line_1_26' title="bbox 280 3235 642 3303; baseline -0.003 -16"><span class='ocrx_word' id='word_1_131' title='bbox 280 3239 467 3303; x_wconf 86' lang='lat' dir='ltr'>Durataeque</span> <span class='ocrx_word' id='word_1_132' title='bbox 480 3238 545 3287; x_wconf 88' lang='lat' dir='ltr'>solo</span> <span class='ocrx_word' id='word_1_133' title='bbox 558 3235 642 3288; x_wconf 91' lang='lat' dir='ltr'>nives</span> 
     </span>
    </p>

    <p class='ocr_par' dir='ltr' id='par_1_17' title="bbox 280 3318 906 3470">
     <span class='ocr_line' id='line_1_27' title="bbox 315 3318 906 3386; baseline 0.002 -17"><span class='ocrx_word' id='word_1_134' title='bbox 315 3323 509 3371; x_wconf 90' lang='lat' dir='ltr'>Mercatorem</span> <span class='ocrx_word' id='word_1_135' title='bbox 522 3318 655 3386; x_wconf 87' lang='lat' dir='ltr'>abigunt,</span> <span class='ocrx_word' id='word_1_136' title='bbox 670 3318 791 3370; x_wconf 90' lang='lat' dir='ltr'>horrida</span> <span class='ocrx_word' id='word_1_137' title='bbox 804 3319 906 3370; x_wconf 91' lang='lat' dir='ltr'>callidi</span> 
     </span>
     <span class='ocr_line' id='line_1_28' title="bbox 280 3402 689 3470; baseline -0.002 -17"><span class='ocrx_word' id='word_1_138' title='bbox 280 3402 413 3454; x_wconf 91' lang='lat' dir='ltr'>Vincunt</span> <span class='ocrx_word' id='word_1_139' title='bbox 424 3419 550 3470; x_wconf 89' lang='lat' dir='ltr'>aequora</span> <span class='ocrx_word' id='word_1_140' title='bbox 564 3402 689 3463; x_wconf 85' lang='lat' dir='ltr'>navitae,</span> 
     </span>
    </p>

    <p class='ocr_par' dir='ltr' id='par_1_18' title="bbox 283 3485 928 3635">
     <span class='ocr_line' id='line_1_29' title="bbox 316 3485 928 3552; baseline 0.002 -16"><span class='ocrx_word' id='word_1_141' title='bbox 316 3490 458 3552; x_wconf 91' lang='lat' dir='ltr'>Magnum</span> <span class='ocrx_word' id='word_1_142' title='bbox 472 3485 628 3551; x_wconf 89' lang='lat' dir='ltr'>pauperies</span> <span class='ocrx_word' id='word_1_143' title='bbox 641 3485 832 3551; x_wconf 87' lang='lat' dir='ltr'>obprobrium</span> <span class='ocrx_word' id='word_1_144' title='bbox 844 3485 928 3537; x_wconf 87' lang='lat' dir='ltr'>iubet</span> 
     </span>
     <span class='ocr_line' id='line_1_30' title="bbox 283 3569 674 3635; baseline 0.003 -16"><span class='ocrx_word' id='word_1_145' title='bbox 283 3569 408 3634; x_wconf 80' lang='lat' dir='ltr'>Quidvis</span> <span class='ocrx_word' id='word_1_146' title='bbox 420 3574 451 3620; x_wconf 90' lang='lat' dir='ltr'>et</span> <span class='ocrx_word' id='word_1_147' title='bbox 464 3570 558 3620; x_wconf 83' lang='lat' dir='ltr'>iacere</span> <span class='ocrx_word' id='word_1_148' title='bbox 570 3575 600 3620; x_wconf 98' lang='lat' dir='ltr'>et</span> <span class='ocrx_word' id='word_1_149' title='bbox 613 3569 674 3635; x_wconf 92' lang='lat' dir='ltr'>pati</span> 
     </span>
    </p>

    <p class='ocr_par' dir='ltr' id='par_1_19' title="bbox 314 3651 851 3720">
     <span class='ocr_line' id='line_1_31' title="bbox 314 3651 851 3720; baseline -0.006 -15"><span class='ocrx_word' id='word_1_150' title='bbox 314 3652 500 3720; x_wconf 88' lang='lat' dir='ltr'>Virtutisque</span> <span class='ocrx_word' id='word_1_151' title='bbox 513 3651 591 3704; x_wconf 90' lang='lat' dir='ltr'>viam</span> <span class='ocrx_word' id='word_1_152' title='bbox 604 3651 715 3704; x_wconf 88' lang='lat' dir='ltr'>deserit</span> <span class='ocrx_word' id='word_1_153' title='bbox 726 3653 851 3704; x_wconf 88' lang='lat' dir='ltr'>arduae?</span> 
     </span>
    </p>
   </div>
   <div class='ocr_carea' id='block_1_14' title="bbox 152 3789 1149 3947">
    <p class='ocr_par' dir='ltr' id='par_1_20' title="bbox 152 3789 1149 3947">
     <span class='ocr_line' id='line_1_32' title="bbox 152 3789 471 3863; baseline -0.003 -18"><span class='ocrx_word' id='word_1_154' title='bbox 152 3789 246 3863; x_wconf 74' lang='lat' dir='ltr'>Epist.</span> <span class='ocrx_word' id='word_1_155' title='bbox 266 3789 293 3856; x_wconf 91' lang='lat' dir='ltr'>l,</span> <span class='ocrx_word' id='word_1_156' title='bbox 314 3791 363 3856; x_wconf 85' lang='lat'>15,</span> <span class='ocrx_word' id='word_1_157' title='bbox 382 3789 471 3845; x_wconf 82' lang='lat'>39-41</span> 
     </span>
     <span class='ocr_line' id='line_1_33' title="bbox 814 3886 1149 3947; baseline 0.006 -11"><span class='ocrx_word' id='word_1_158' title='bbox 814 3891 890 3937; x_wconf 89' lang='lat' dir='ltr'>‘non</span> <span class='ocrx_word' id='word_1_159' title='bbox 904 3887 1025 3938; x_wconf 89' lang='lat' dir='ltr'>hercule</span> <span class='ocrx_word' id='word_1_160' title='bbox 1039 3886 1149 3947; x_wconf 89' lang='lat' dir='ltr'>miror‚’</span> 
     </span>
    </p>
   </div>
   <div class='ocr_carea' id='block_1_15' title="bbox 282 3969 1016 4120">
    <p class='ocr_par' dir='ltr' id='par_1_21' title="bbox 282 3969 1016 4120">
     <span class='ocr_line' id='line_1_34' title="bbox 282 3969 1000 4038; baseline -0.001 -17"><span class='ocrx_word' id='word_1_161' title='bbox 282 3970 387 4031; x_wconf 89' lang='lat' dir='ltr'>aiebat,</span> <span class='ocrx_word' id='word_1_162' title='bbox 401 3971 495 4038; x_wconf 89' lang='lat' dir='ltr'>‘siqui</span> <span class='ocrx_word' id='word_1_163' title='bbox 508 3970 669 4021; x_wconf 88' lang='lat' dir='ltr'>comedunt</span> <span class='ocrx_word' id='word_1_164' title='bbox 681 3969 767 4030; x_wconf 91' lang='lat' dir='ltr'>bona,</span> <span class='ocrx_word' id='word_1_165' title='bbox 782 3987 848 4022; x_wconf 91' lang='lat' dir='ltr'>cum</span> <span class='ocrx_word' id='word_1_166' title='bbox 862 3970 901 4021; x_wconf 91' lang='lat' dir='ltr'>sit</span> <span class='ocrx_word' id='word_1_167' title='bbox 913 3971 1000 4020; x_wconf 88' lang='lat' dir='ltr'>obeso</span> 
     </span>
     <span class='ocr_line' id='line_1_35' title="bbox 284 4052 1016 4120; baseline -0.003 -15"><span class='ocrx_word' id='word_1_168' title='bbox 284 4053 327 4105; x_wconf 94' lang='lat' dir='ltr'>nil</span> <span class='ocrx_word' id='word_1_169' title='bbox 340 4053 449 4104; x_wconf 88' lang='lat' dir='ltr'>melius</span> <span class='ocrx_word' id='word_1_170' title='bbox 461 4054 559 4113; x_wconf 90' lang='lat' dir='ltr'>turdo,</span> <span class='ocrx_word' id='word_1_171' title='bbox 574 4053 619 4103; x_wconf 91' lang='lat' dir='ltr'>nil</span> <span class='ocrx_word' id='word_1_172' title='bbox 631 4052 718 4105; x_wconf 91' lang='lat' dir='ltr'>volva</span> <span class='ocrx_word' id='word_1_173' title='bbox 730 4052 885 4120; x_wconf 89' lang='lat' dir='ltr'>pulchrius</span> <span class='ocrx_word' id='word_1_174' title='bbox 898 4054 1016 4119; x_wconf 61' lang='lat' dir='ltr'>ampla)</span> 
     </span>
    </p>
   </div>
   <div class='ocr_carea' id='block_1_16' title="bbox 156 4207 471 4280">
    <p class='ocr_par' dir='ltr' id='par_1_22' title="bbox 156 4207 471 4280">
     <span class='ocr_line' id='line_1_36' title="bbox 156 4207 471 4280; baseline 0.003 -17"><span class='ocrx_word' id='word_1_175' title='bbox 156 4207 248 4280; x_wconf 75' lang='lat' dir='ltr'>Epist.</span> <span class='ocrx_word' id='word_1_176' title='bbox 264 4209 309 4275; x_wconf 88' lang='lat' dir='ltr'>ll,</span> <span class='ocrx_word' id='word_1_177' title='bbox 329 4212 356 4276; x_wconf 86' lang='lat' dir='ltr'>l,</span> <span class='ocrx_word' id='word_1_178' title='bbox 376 4208 471 4264; x_wconf 75' lang='lat'>28-30</span> 
     </span>
    </p>
   </div>
   <div class='ocr_carea' id='block_1_17' title="bbox 284 4340 1093 4573">
    <p class='ocr_par' dir='ltr' id='par_1_23' title="bbox 284 4340 1093 4573">
     <span class='ocr_line' id='line_1_37' title="bbox 284 4340 1046 4408; baseline -0.003 -15"><span class='ocrx_word' id='word_1_179' title='bbox 284 4340 325 4401; x_wconf 88' lang='lat' dir='ltr'>Si,</span> <span class='ocrx_word' id='word_1_180' title='bbox 340 4340 409 4408; x_wconf 91' lang='lat' dir='ltr'>quia</span> <span class='ocrx_word' id='word_1_181' title='bbox 422 4343 600 4392; x_wconf 85' lang='lat' dir='ltr'>Graecorum</span> <span class='ocrx_word' id='word_1_182' title='bbox 614 4346 684 4392; x_wconf 92' lang='lat' dir='ltr'>sunt</span> <span class='ocrx_word' id='word_1_183' title='bbox 695 4340 902 4407; x_wconf 89' lang='lat' dir='ltr'>antiquissima</span> <span class='ocrx_word' id='word_1_184' title='bbox 915 4356 1046 4405; x_wconf 86' lang='lat' dir='ltr'>quaeque</span> 
     </span>
     <span class='ocr_line' id='line_1_38' title="bbox 285 4424 1021 4491; baseline -0.004 -15"><span class='ocrx_word' id='word_1_185' title='bbox 285 4424 394 4491; x_wconf 90' lang='lat' dir='ltr'>scripta</span> <span class='ocrx_word' id='word_1_186' title='bbox 406 4426 455 4476; x_wconf 92' lang='lat' dir='ltr'>vel</span> <span class='ocrx_word' id='word_1_187' title='bbox 467 4424 589 4490; x_wconf 89' lang='lat' dir='ltr'>optima,</span> <span class='ocrx_word' id='word_1_188' title='bbox 606 4424 731 4475; x_wconf 90' lang='lat' dir='ltr'>Romani</span> <span class='ocrx_word' id='word_1_189' title='bbox 744 4429 907 4490; x_wconf 88' lang='lat' dir='ltr'>pensantur</span> <span class='ocrx_word' id='word_1_190' title='bbox 918 4424 1021 4474; x_wconf 88' lang='lat' dir='ltr'>eadem</span> 
     </span>
     <span class='ocr_line' id='line_1_39' title="bbox 285 4506 1093 4573; baseline -0.002 -15"><span class='ocrx_word' id='word_1_191' title='bbox 285 4507 444 4573; x_wconf 88' lang='lat' dir='ltr'>scriptores</span> <span class='ocrx_word' id='word_1_192' title='bbox 457 4507 579 4565; x_wconf 88' lang='lat' dir='ltr'>trutina,</span> <span class='ocrx_word' id='word_1_193' title='bbox 592 4522 650 4556; x_wconf 89' lang='lat' dir='ltr'>non</span> <span class='ocrx_word' id='word_1_194' title='bbox 663 4512 709 4558; x_wconf 89' lang='lat' dir='ltr'>est</span> <span class='ocrx_word' id='word_1_195' title='bbox 722 4506 800 4573; x_wconf 93' lang='lat' dir='ltr'>quod</span> <span class='ocrx_word' id='word_1_196' title='bbox 814 4508 909 4557; x_wconf 87' lang='lat' dir='ltr'>multa</span> <span class='ocrx_word' id='word_1_197' title='bbox 922 4508 1093 4572; x_wconf 87' lang='lat' dir='ltr'>loquamur:</span> 
     </span>
    </p>
   </div>
   <div class='ocr_carea' id='block_1_18' title="bbox 0 0 1607 5250">
    <p class='ocr_par' dir='ltr' id='par_1_24' title="bbox 0 0 1607 5250">
     <span class='ocr_line' id='line_1_40' title="bbox 0 0 1607 5250; baseline 0 0"><span class='ocrx_word' id='word_1_198' title='bbox 0 0 1607 5250; x_wconf 95' lang='lat' dir='ltr'> </span> 
     </span>
    </p>
   </div>
  </div>
 </body>
</html>
