3194 5250
868 429 907 484 54

333 613 398 669 The
420 611 569 669 reference
592 621 621 670 to
644 623 761 687 present
785 614 883 671 oetion
908 613 933 671 is
955 613 1066 689 clearly
1088 613 1216 686 brought
1238 622 1289 669 out
1312 614 1352 689 by
1368 633 1386 670 a
1410 632 1496 687 pera-

294 713 417 786 phrase:
464 712 496 770 ll
508 713 544 769 he
560 732 637 769 were
653 713 793 784 standing
809 733 919 788 among
934 733 951 769 a
968 732 1061 788 gronp
1077 711 1112 769 of
1129 733 1229 790 young
1245 713 1330 787 girls,
1346 713 1382 769 he
1399 713 1496 770 would

295 813 413 870 deceive
428 829 502 870 even
516 833 534 869 a
546 814 663 870 shrewd
679 833 760 870 mon.

295 963 353 1022 Od.
371 965 434 1032 111,
454 966 504 1035 10,
523 967 575 1021 1-4

428 1081 606 1134 Extremum
618 1080 730 1132 Tanain
743 1080 769 1132 si
780 1080 906 1141 biberes,
921 1083 1008 1147 Lyce,

429 1165 522 1216 Saevo
535 1170 629 1230 nupta
642 1163 715 1224 viro,
731 1180 778 1215 me
790 1170 889 1216 tamen
902 1180 1020 1230 asperas

462 1250 635 1298 Porrectum
647 1253 715 1299 ante
729 1249 807 1299 fores
819 1247 935 1299 obicere
950 1246 1054 1298 incolis

496 1332 632 1382 Plorares
645 1330 854 1398 Aquilonibus.

298 1447 395 1527 Serm.
414 1449 441 1519 Ι,
459 1450 490 1516 9,
508 1450 602 1506 45-47

1030 1530 1161 1582 Hebetes

429 1631 570 1681 magnum
582 1615 760 1676 adiutorem,
774 1621 875 1681 posset
886 1615 937 1681 qui
951 1616 1027 1667 lerre
1040 1616 1194 1675 secundas,

430 1702 511 1750 hunc
523 1699 676 1750 hominem
690 1698 784 1750 velles
796 1698 821 1749 si
834 1697 959 1750 tradere.

297 1817 395 1892 Epist.
416 1818 442 1888 l,
460 1819 491 1887 3,
510 1819 603 1875 25-27

1097 1898 1210 1964 Quodsi

432 1983 540 2050 frigida
552 1998 689 2033 curarum
703 1982 834 2033 fomenta
846 1981 1013 2049 relinquere
1026 1998 1143 2048 posses:

431 2072 530 2133 quote
544 2066 681 2117 caelestis
694 2065 840 2131 sapientia
852 2065 983 2126 duceret,
998 2065 1065 2117 ires.

299 2187 396 2260 Epist.
414 2186 441 2255 Ι,
461 2187 491 2254 7,
509 2185 605 2241 92-93

633 2300 697 2351 ‘Pol
710 2316 756 2350 me
770 2299 922 2360 miserum,
937 2305 1070 2365 patrone,
1085 2315 1215 2362 vocares,

432 2385 457 2436 si
471 2385 572 2436 velles’
586 2383 686 2451 inqnit
699 2388 814 2435 ‘verum
827 2382 901 2434 mihi
913 2398 1024 2449 ponere
1037 2399 1155 2434 nomen.

340 2522 361 2578 i.
375 2541 402 2578 e.
427 2541 485 2597 you
510 2520 606 2576 would
624 2531 672 2576 not
689 2520 747 2575 coll
763 2538 808 2575 me
825 2518 943 2588 dorcam,
962 2527 1111 2587 attentum,
1130 2538 1163 2576 es
1185 2539 1244 2595 yon
1260 2520 1310 2588 do,
1327 2522 1379 2578 but
1396 2523 1496 2579 rather

300 2621 444 2678 miserum.

404 2724 450 2795 c).
494 2719 588 2778 Third
604 2720 716 2777 Person
734 2719 886 2791 Singular.

302 2855 359 2916 Od.
377 2856 435 2925 IV,
453 2856 485 2923 8,
503 2855 597 2910 22-24

767 2934 845 2998 Quid
859 2935 936 2985 foret
948 2934 1023 2986 Iliae

435 3019 636 3086 Mavortisque
649 3034 731 3084 puer,
743 3017 768 3070 si
780 3017 967 3068 taciturnitas

433 3109 573 3173 Opstaret
585 3103 700 3155 meritis
712 3103 813 3154 invida
826 3101 968 3153 Romuli?

303 3231 399 3289 Serm.
418 3230 446 3297 Ι,
464 3230 494 3298 2,
512 3227 607 3284 49-53

1034 3309 1073 3356 At
1085 3305 1135 3357 hic
1147 3305 1183 3367 si,

434 3411 491 3461 qua
502 3409 558 3454 res,
573 3409 630 3459 qua
641 3391 717 3442 ratio
729 3390 875 3450 suaderet,
889 3405 1004 3456 quaque
1017 3389 1149 3441 modeste

435 3476 576 3528 munifico
588 3492 652 3526 esse
665 3474 745 3534 licet,
759 3474 852 3526 vellet
863 3473 959 3524 bonus
971 3478 1059 3540 atque
1071 3472 1219 3539 benignus

436 3577 509 3621 esse,
524 3560 608 3611 daret
620 3565 765 3626 quantum
777 3556 849 3608 satis
862 3563 948 3617 esset,
963 3572 1018 3607 nec
1030 3556 1088 3607 sibi
1099 3556 1209 3607 damno

437 3643 633 3710 dedecorique
652 3643 738 3693 foret.

304 3763 401 3821 Serm.
419 3764 447 3831 1,
464 3764 496 3832 4,
513 3762 608 3819 52-53

835 3839 966 3907 Numqui
979 3838 1160 3906 Pomponius
1171 3838 1238 3890 istis

436 3928 554 3980 audiret
566 3927 687 3987 leviora,
703 3932 787 3992 pater
799 3925 824 3976 si
837 3925 968 3977 viveret?

307 4048 404 4107 Scrm.
423 4048 451 4116 Ι,
469 4048 500 4116 6,
517 4047 611 4104 93-97

713 4146 788 4194 Nam
801 4142 826 4193 si
838 4147 943 4193 natura
954 4141 1071 4192 iuberet

440 4249 457 4282 a
469 4229 558 4282 certis
569 4228 655 4280 annis
667 4243 771 4279 aevom
783 4242 912 4277 remeare
925 4230 1088 4291 peractum,

441 4320 528 4381 atque
541 4313 616 4364 alios
630 4314 739 4378 legere,
754 4310 791 4360 ad
806 4310 914 4361 fastum
928 4323 1129 4375 quoscumque
1143 4307 1275 4373 parentis

441 4402 559 4464 optaret
571 4396 626 4447 sibi
639 4394 774 4462 quisque,
789 4392 863 4444 meis
876 4397 1034 4443 contentus
1046 4393 1188 4442 honestos

443 4481 571 4533 fascibus
580 4485 610 4531 et
623 4478 708 4530 sellis
722 4477 835 4528 nollem
848 4474 923 4527 mihi
936 4490 1062 4536 sumere,
1077 4473 1082 4488 Ι
