3194 5250
775 392 813 449 97

198 594 327 652 miraris.
353 595 374 651 i.
393 614 419 651 e.
448 595 515 651 ‘Do
531 613 590 670 you
607 591 726 649 wonder
739 589 766 648 if
780 592 952 668 (because),
971 608 1004 646 as
1019 608 1078 666 you
1101 609 1166 663 say,
1184 608 1279 646 noone
1302 590 1400 646 shows

199 695 337 753 affection
350 694 396 752 for
410 693 506 770 yon?’

305 813 356 885 2).
406 809 528 868 Gaudeo
550 808 585 866 εἰ.

200 965 297 1025 Serm.
313 967 357 1035 ΙΙ,
377 966 408 1028 3,
426 965 563 1021 att-273
603 1017 608 1029 ,

470 1098 545 1148 Cum
558 1094 677 1147 Picenis
690 1109 852 1161 excerpens
865 1093 978 1145 semina
990 1093 1088 1160 pomis

333 1180 455 1248 gaudes,
470 1180 495 1231 si
509 1194 655 1231 cameram
668 1177 800 1244 percusti
813 1178 898 1238 forte,
913 1192 1004 1244 penes
1017 1183 1045 1228 te
1058 1177 1108 1228 es?

241 1334 373 1407 Dr'ager,
398 1331 476 1388 Hist.
505 1329 591 1408 Syrti.
632 1329 692 1387 Vol.
717 1329 763 1399 II,
791 1350 823 1406 p.
848 1327 920 1400 735,
946 1330 1018 1386 cites
1040 1328 1111 1405 only
1134 1348 1188 1385 one
1211 1328 1349 1402 example
1373 1326 1405 1384 ol

201 1432 313 1508 pendeo
329 1433 359 1488 in
375 1432 433 1490 this
449 1431 636 1500 connection,
665 1428 727 1487 Oie.
750 1429 827 1486 Verr.
843 1429 877 1499 4,
892 1431 906 1496 ξ
924 1427 970 1486 37
986 1427 1109 1486 Gaudeo
1127 1427 1223 1498 etiam,
1241 1427 1267 1484 se'
1282 1426 1356 1504 qnid
1369 1427 1403 1484 ab

200 1533 250 1589 illo
268 1532 421 1590 abstulisti.
490 1580 495 1592 .

201 1685 251 1757 3).
298 1680 380 1741 Satis
396 1702 451 1739 esse
466 1680 501 1751 si,
519 1680 589 1738 eoin
604 1680 706 1738 habere
722 1680 756 1737 se'.

242 1801 340 1859 These
355 1798 544 1874 expressions
559 1817 610 1855 are
625 1797 737 1855 seldom
754 1797 857 1867 found,
874 1796 912 1854 cf.
931 1797 1032 1854 Plane.
1052 1796 1137 1853 Most.
1157 1795 1219 1854 654
1238 1795 1293 1854 Sat
1314 1795 1402 1853 habeo

202 1900 226 1958 ee'
244 1899 398 1975 crnsfero.

243 2017 396 2076 Soattered
409 2016 560 2090 examples
577 2016 639 2073 also
652 2035 740 2073 occur
756 2016 784 2072 in
796 2017 826 2073 N
828 2035 909 2090 epoS,
927 2016 1013 2092 Livy,
1025 2015 1149 2073 Tacitus
1162 2015 1219 2071 and
1233 2015 1403 2074 Suetonius.

243 2136 278 2192 In
296 2136 415 2192 Horace
431 2133 501 2210 only
518 2133 615 2192 Serm.
634 2135 660 2199 I,
678 2135 710 2198 4,
730 2134 787 2189 116

520 2312 522 2314 ,
835 2265 876 2316 mi
889 2265 962 2317 satis
975 2271 1029 2326 est,
1044 2266 1069 2316 si

335 2332 480 2386 traditum
492 2334 528 2384 ab
541 2333 672 2400 antiquis
685 2348 798 2384 morem
811 2349 927 2384 servare
939 2339 1090 2399 tuamque,

205 2552 295 2623 120).
339 2551 558 2625 Interrogative
574 2552 635 2610 Use
650 2551 686 2608 of
699 2549 745 2608 St.

246 2666 283 2726 Si
305 2669 330 2726 is
352 2668 522 2726 sometimes
544 2669 616 2725 used
639 2669 712 2725 with
746 2668 957 2742 interrogative
994 2668 1085 2737 force,
1112 2669 1280 2739 ‘whether,’
1310 2669 1401 2726 intro-

201 2769 311 2843 ducing
325 2788 363 2825 an
380 2768 513 2826 Indirect
527 2767 682 2840 Question.

204 2903 252 2978 l).
299 2902 383 2960 With
399 2901 577 2959 Indioative.

203 3021 300 3094 Epist.
319 3020 346 3089 I,
366 3021 397 3089 7,
415 3020 452 3076 39

330 3150 456 3218 inspice,
471 3150 496 3203 si
509 3165 632 3217 possum
645 3152 754 3203 donata
767 3168 911 3219 reponere
923 3153 1030 3204 laetus.

239 3289 305 3346 The
320 3287 485 3345 Indicative
513 3289 537 3345 is
560 3289 704 3364 probably
727 3286 803 3345 after
826 3288 874 3345 the
897 3289 1026 3364 analogy
1048 3287 1083 3344 of
1100 3289 1149 3346 the
1172 3287 1276 3346 Comic
1299 3290 1400 3356 Poets,

201 3389 266 3444 who
282 3389 451 3465 commonly
466 3389 584 3465 employ
599 3389 664 3445 that
680 3388 768 3445 mood
783 3389 813 3444 in
830 3389 888 3445 this
904 3389 1088 3447 connection.

202 3538 249 3612 2).
293 3538 378 3596 With
401 3538 608 3615 Subjnnctive.

203 3653 298 3713 Serm.
317 3657 361 3724 II,
381 3658 412 3725 5,
429 3657 525 3713 85-88

332 3803 370 3839 ex
382 3793 564 3840 testamento
577 3788 620 3840 sic
632 3795 678 3840 est
690 3789 783 3840 elata:
799 3788 924 3840 cadaver

334 3878 460 3923 unctum
472 3871 539 3923 oleo
552 3873 637 3939 largo
650 3871 739 3923 nudis
753 3871 864 3923 umeris
876 3871 950 3923 tulit
962 3872 1057 3931 heres,

332 3955 449 4007 scilicet
461 3955 539 4007 elabi
553 3956 577 4007 si
591 3961 692 4022 posset
705 3961 821 4006 mortua
833 3971 838 4016 ;
854 3956 952 4014 credo,

333 4039 412 4106 quod
425 4038 552 4090 nimium
564 4039 716 4090 institerat
729 4038 851 4091 viventi.

243 4171 280 4231 Si
290 4182 383 4250 posset
398 4175 537 4248 depende,
556 4185 608 4232 not
623 4175 747 4251 direetly
764 4193 841 4248 upon
858 4173 1022 4240 relitteres,
1040 4174 1182 4246 bntnpon
1207 4175 1255 4232 the
1278 4176 1404 4251 thought

206 4272 325 4347 implied
340 4274 371 4331 in
388 4282 596 4332 sustentamento
614 4274 654 4332 sic
676 4283 713 4331 est
736 4274 821 4331 elota.
868 4275 898 4331 It
919 4294 981 4330 was
1005 4274 1033 4330 in
1056 4275 1237 4332 accordance
1260 4276 1332 4333 with
1355 4278 1403 4334 the

791 4393 827 4448 13
