3194 5250
106 649 249 720 Se1·m‚l‚
267 651 297 719 9,
317 651 412 708 57-58

669 763 738 805 non,
753 747 842 798 hodie
855 747 881 798 si

237 834 379 885 exclusus
392 833 486 892 fuero,
500 831 658 892 desistam3

211 953 260 1023 b).
308 950 423 1009 Second
438 951 551 1008 Person
568 949 720 1023 Singulas.

107 1085 166 1144 Od.
185 1085 317 1154 111,23,
338 1085 389 1140 1-6
406 1141 408 1144 ⁴

240 1201 329 1251 Caelo
341 1199 462 1267 supinas
475 1199 500 1252 si
512 1200 619 1251 tuleris
631 1215 737 1250 manus

241 1286 387 1335 Nascente
400 1283 481 1345 luna,
497 1283 607 1335 rustica
620 1283 758 1349 Phidyle,

275 1366 307 1418 Si
320 1371 386 1417 ture
399 1365 527 1432 placaris
539 1372 570 1418 et
582 1368 676 1417 horna

306 1451 403 1516 Fruge
416 1453 505 1505 Lares
517 1449 661 1517 avidaque
675 1464 773 1515 porca,

242 1536 303 1584 Nec
316 1533 507 1598 pestilentem
520 1533 629 1584 sentiet
641 1532 773 1583 Africum

242 1617 380 1667 Fecunda
393 1616 463 1668 vitis
475 1632 530 1667 nec
538 1653 791 1665 ................

109 1735 205 1826 ¹Epod.
224 1735 273 1797 10.
292 1735 386 1791 21-24

242 1850 349 1917 Opima
361 1850 468 1917 quodsi
480 1851 588 1917 praeda
601 1867 690 1902 curvo
703 1849 790 1902 litore

277 1937 414 1986 Porrecta
426 1950 542 2001 mergos
554 1933 676 1994 iuveris,

244 2017 434 2074 Libidinosus
443 2017 648 2069 immolabitur
660 2032 748 2085 caper

275 2101 315 2155 Et
327 2116 402 2167 agna
414 2100 663 2167 Tempestatibus.

111 2218 206 2277 Serm.
223 2220 269 2288 11,
287 2220 317 2289 3,
336 2220 373 2276 67

242 2340 315 2386 tune
327 2334 450 2386 insanus
462 2334 520 2386 eris
533 2335 558 2387 si
569 2334 738 2401 acceperis?

110 2454 207 2513 Serm.
225 2453 270 2522 ΙΙ,
289 2453 318 2522 3,
339 2452 473 2508 124-126

244 2569 429 2632 Quantulum
441 2566 522 2619 enim
534 2584 666 2634 summae
679 2568 808 2620 curtabit
820 2570 945 2637 quisque
956 2570 1083 2632 dierum,

241 2667 351 2718 ungere
365 2650 390 2702 si
402 2653 502 2703 caules
515 2653 581 2702 oleo
594 2651 717 2703 meliore
730 2659 877 2719 caputque

241 2734 371 2801 coeperis
383 2734 492 2801 inpexa
505 2734 625 2786 foedum
638 2735 809 2802 porrigine?

109 2853 208 2912 Scrm.
227 2855 271 2923 ΙΙ,
290 2854 320 2923 3,
339 2854 476 2910 319-320

411 2973 489 3031 ‘non,
504 2969 571 3022 site
584 2969 719 3036 ruperis’,
734 2970 841 3038 inquit,

245 3057 308 3120 ‘par
320 3053 398 3104 eris)

214 3173 261 3243 c).
307 3172 402 3229 Third
417 3173 529 3230 Persou
547 3171 700 3247 Singular.

97 3271 206 3346 'Epod
223 3274 253 3340 6,
274 3274 366 3331 15-16

242 3392 287 3439 An
301 3388 394 3456 siquis
406 3394 470 3440 atro
483 3389 572 3440 dente
585 3404 631 3439 me
645 3388 795 3456 petiverit,

276 3473 396 3523 Inultus
409 3478 442 3524 ut
453 3472 530 3523 flebo
542 3473 634 3538 puer?

110 3591 206 3665 upon.
227 3592 277 3661 15,
299 3591 389 3647 15-16

242 3710 303 3757 Nec
315 3707 407 3757 semel
420 3705 525 3757 offensi
537 3706 623 3757 cedet
634 3707 801 3758 constantia
812 3708 933 3770 formae,

276 3790 308 3842 Si
321 3795 419 3841 certus
431 3789 551 3840 intrarit
562 3790 659 3841 dolor.

110 3908 207 3968 Serm.
226 3909 271 3978 ΙΙ,
290 3910 319 3978 2,
339 3909 433 3964 50-52

863 4009 942 4075 Ergo

243 4090 335 4157 siquis
347 4106 428 4142 nunc
439 4106 556 4157 mergos
569 4089 668 4142 suavis
680 4089 809 4142 edixerit
820 4107 911 4153 assos,

242 4174 358 4241 parebit
369 4173 453 4240 pravi
466 4173 574 4225 docilis
588 4177 721 4225 Romana
733 4173 884 4227 iuventus.

110 4296 207 4354 Serm.
223 4294 268 4360 II,
287 4294 317 4362 3,
335 4293 470 4349 too-292

245 4409 364 4476 ‘frigida
377 4408 402 4459 si
414 4424 540 4475 puerum
553 4415 696 4476 quartana
714 4408 878 4476 reliquerit,
892 4410 948 4461 illo

244 4508 329 4544 mane
341 4492 399 4552 die,
414 4497 518 4559 quotu
531 4491 639 4543 indicis
651 4491 771 4555 ieiunia,
787 4492 886 4544 nudus

246 4575 277 4627 in
290 4575 390 4627 Tiberi
402 4575 511 4628 stabit)
