3194 5250
203 541 300 601 Serm.
318 542 345 610 Ι,
363 543 395 611 4,
415 541 551 597 120·124

1164 641 1214 693 Sic
1226 657 1274 693 me

334 724 480 775 formabat
492 738 618 789 puerum
630 721 729 784 dictis,
743 728 774 775 et
785 722 847 774 sive
859 722 984 774 iubebat

334 812 368 858 ut
380 807 508 858 facerem
519 805 601 873 quid,
617 807 718 858 ‘habes
727 811 878 858 auctorem
890 822 949 872 quo
961 806 1052 858 iacias
1063 808 1142 869 hoc‚'

333 905 428 941 unum
439 905 477 940 ex
488 888 640 941 iudicibus
653 889 772 941 selectis
783 888 945 950 obiciebat;

333 973 396 1026 sive
408 972 534 1033 vetabat,

466 1275 515 1327 IV.
552 1274 714 1338 Pluperiect
731 1274 885 1326 indicative
901 1275 930 1326 in
947 1274 996 1326 the
1014 1277 1143 1328 Promis.

200 1477 266 1553 69).
311 1474 470 1550 Imperfect
483 1475 650 1533 Indicativa
667 1475 695 1531 in
712 1475 761 1532 the
779 1475 939 1550 Apodosis.

305 1594 354 1666 a).
397 1593 491 1650 Third
507 1594 631 1649 Persou.

202 1806 411 1875 Serm.11‚2,
431 1805 561 1862 118-121

331 1941 374 1989 Ac
386 1937 462 1989 mihi
475 1953 527 1989 seu
541 1939 665 2003 longum
677 1941 746 2003 post
757 1941 877 2003 tempus
889 1942 1012 1989 venerat
1024 1939 1135 2003 hospes

333 2021 395 2074 sive
408 2037 533 2087 operum
545 2036 638 2073 vacuo
650 2025 753 2087 gratus
767 2020 893 2073 conviva
905 2035 958 2086 per
969 2019 1099 2072 imbrem

333 2104 459 2165 vicinus,
473 2104 547 2156 bene
560 2110 624 2155 erat
635 2118 695 2154 non
708 2102 840 2169 piscibus
853 2103 925 2155 urbe
939 2102 1053 2170 petitis,

332 2187 384 2239 sed
397 2188 484 2255 pullo
496 2193 584 2254 atque
592 2187 688 2238 haedo
699 2201 705 2248 ;

498 2538 534 2590 V.
570 2536 673 2589 Pincus
691 2537 845 2589 indicative
861 2538 890 2589 in
907 2537 956 2589 the
974 2539 1105 2590 Promis.

200 2740 271 2813 70).
313 2738 494 2810 imperative
510 2738 538 2794 iu
555 2738 604 2795 the
620 2735 781 2812 Apodosis.

304 2857 353 2930 a).
400 2855 494 2913 Third
511 2856 634 2912 Person.

201 3006 297 3065 Serm.
316 3008 360 3076 11,
380 3008 410 3073 5,
429 3007 520 3063 39-41

333 3145 433 3206 persta
444 3146 532 3206 atque
545 3139 668 3200 obdura,
682 3154 735 3192 seu
746 3140 836 3191 rubra
848 3139 988 3192 Canicula
999 3139 1093 3191 findet

332 3223 455 3275 infantis
468 3228 590 3284 statuas,
604 3238 657 3274 seu
669 3222 774 3290 pingui
785 3229 887 3274 tentus
899 3238 1000 3274 omaso

333 3306 440 3358 Furius
452 3306 593 3358 hibernas
605 3322 677 3358 cana
689 3306 757 3358 nive
769 3313 915 3373 conspuet
925 3306 1021 3373 Alpis.

201 3544 235 3599 71
245 3544 272 3616 ).
318 3540 491 3600 Gerundive
506 3541 668 3617 Participle
684 3542 714 3598 iu
730 3542 779 3600 the
794 3541 956 3616 Apodosis.

305 3665 354 3732 a).
397 3659 479 3716 First
493 3659 616 3716 Person.

200 3827 258 3887 Od.
273 3828 318 3896 11,
338 3827 387 3896 14,
406 3827 479 3883 7-12

632 3924 684 3991 qui
694 3929 741 3976 ter
752 3925 887 3992 amplum

401 4009 559 4074 Geryonen
572 4006 740 4075 Tityonque
751 4007 832 4059 tristi

332 4108 501 4176 compescit
510 4108 600 4169 unda,
614 4108 730 4161 scilicet
747 4107 896 4169 omnibus,

330 4193 515 4259 Quicumque
528 4197 622 4243 terrae
635 4207 757 4244 munere
770 4191 929 4252 vescimur,

364 4275 565 4342 Enaviganda‚
579 4275 641 4327 sive
651 4291 735 4341 reges

396 4359 465 4417 Sive
476 4358 581 4424 inopes
593 4345 705 4410 erimus
723 4357 832 4409 coloni.
