3194 5250
484 1041 822 1132 CHAPTER
866 1042 959 1131 ΙΙΙ.

353 1336 506 1406 Periods
529 1338 569 1406 oi
589 1336 727 1406 Action
751 1335 1077 1406 Non-Occurrent.

117 1600 190 1674 37).
238 1597 429 1656 conditional
452 1597 575 1655 Pcriods
591 1596 736 1674 implying
758 1597 806 1654 tho
829 1616 1080 1655 uon-occurrence
1096 1597 1131 1654 of
1148 1598 1197 1656 the
1220 1599 1317 1656 oetion

117 1700 194 1755 have
218 1700 267 1756 the
297 1698 459 1773 imperfect
479 1717 514 1755 or
536 1697 703 1772 Piupei·fe‹·t
727 1696 922 1772 subjunctive
949 1698 978 1754 iu
1002 1699 1073 1755 both
1102 1698 1237 1756 Protusis
1259 1700 1318 1756 and

117 1799 281 1874 Apodosis.

160 1900 221 1956 For
236 1897 423 1972 exceptioual
438 1917 520 1955 causes
537 1897 565 1953 in
584 1899 701 1955 Horace
717 1896 755 1954 cf.
783 1899 797 1963 ἓ
818 1900 832 1964 5
858 1898 966 1954 34-36.

384 2115 407 2166 Ι.
443 2115 562 2167 Pectoris
578 2115 607 2166 iu
622 2114 672 2166 the
689 2114 840 2177 imperfect
856 2113 1052 2176 Subiunctive.

119 2300 192 2373 38).
240 2298 389 2373 Apodosis
406 2298 434 2355 in
451 2298 501 2355 the
516 2297 677 2372 imperfect
692 2296 898 2373 subjunctive.

226 2403 254 2456 1.
301 2398 435 2457 Protesis
450 2398 508 2454 aud
526 2398 675 2472 Apodosis
690 2397 761 2455 both
776 2397 917 2473 deuoting
931 2409 1051 2472 present
1061 2399 1170 2457 action.

161 2501 202 2557 A.
227 2499 362 2558 Protasis
375 2499 547 2556 introduced
563 2499 602 2573 by
617 2497 652 2554 si.

224 2600 273 2673 a).
320 2600 402 2657 Fiust
416 2600 528 2657 Person
546 2598 697 2672 Singulas.

119 2752 218 2826 Epist.
236 2751 262 2817 Ι,
283 2752 332 2815 19,
354 2750 445 2806 17-18

808 2829 916 2897 quodsi

253 2917 399 2982 pallerem
412 2930 490 2975 casu,
504 2912 640 2966 biberent
651 2929 786 2981 exangue
800 2914 962 2965 cuminum.

160 3052 181 3106 i.
199 3070 225 3108 e.
251 3049 277 3106 if
288 3051 304 3107 Ι
318 3069 396 3107 were
412 3050 477 3125 pais
498 3053 548 3128 (us
562 3050 579 3106 Ι
595 3069 643 3105 um
659 3059 721 3106 not.
768 3049 816 3108 cf.
834 3048 930 3126 Epist.
945 3048 973 3119 I,
990 3048 1046 3120 20,
1062 3048 1135 3126 24.)

117 3151 216 3226 Epist.
235 3152 280 3221 ΙΙ,
301 3154 329 3221 1,
348 3152 482 3208 nou-257

651 3269 713 3317 Nec
730 3280 882 3316 sermones
894 3281 948 3332 ego
962 3267 1084 3317 mallem

253 3349 384 3416 repentis
397 3365 450 3416 per
461 3351 587 3400 humum
600 3365 689 3417 quam
701 3365 748 3400 rcs
761 3363 938 3414 componere
950 3355 1058 3415 gestas,

250 3440 455 3500 terrarumque
468 3432 544 3485 situs
556 3438 586 3483 et
597 3431 722 3484 flumina
733 3431 831 3483 dicere
844 3437 875 3482 et
887 3448 968 3484 arces

252 3517 404 3569 montibus
417 3516 573 3582 impositas
586 3521 615 3568 ct
626 3515 749 3567 barbara
762 3531 851 3581 regns
863 3515 983 3582 tuisque

250 3600 392 3667 auspiciis
404 3605 502 3651 totum
515 3600 649 3651 confecta
661 3599 764 3650 duella
776 3614 829 3664 per
840 3598 952 3660 orbem,

250 3685 437 3751 claustraque
449 3683 603 3736 custodem
613 3682 694 3750 pacis
707 3683 876 3734 cohibentia
890 3686 996 3735 Ianum

249 3775 280 3820 et
291 3767 480 3819 formidatam
493 3767 611 3818 Parthis
623 3772 652 3818 te
665 3766 800 3832 principe
814 3770 949 3828 Romam,

249 3852 284 3913 si,
299 3858 444 3920 quantum
456 3865 605 3916 cuperem,
619 3865 738 3916 possem
750 3865 883 3917 quoque;

220 3973 273 4046 b).
316 3972 431 4031 Second
446 3972 558 4029 Persou
576 3970 728 4046 Singulas.

113 4106 175 4166 Od.
191 4105 237 4175 11,
254 4106 284 4175 5,
303 4106 398 4161 21-24

250 4223 345 4286 Quem
358 4220 383 4272 si
396 4222 567 4287 puellarum
578 4219 725 4272 insereres
737 4222 838 4281 choro,

250 4305 326 4356 Mire
339 4304 452 4371 sagacis
465 4305 583 4356 falleret
595 4303 729 4370 hospites

282 4388 450 4440 Discrimen
462 4387 621 4439 obscurum
639 4387 747 4439 solutis

316 4471 457 4525 Crinibus
469 4470 666 4537 ambiguoque
678 4473 773 4523 voltu.
