3194 5250
884 380 921 436 32

431 563 521 616 Vivat
532 569 563 615 et
574 563 681 631 pluris,
695 581 748 631 age
761 564 810 617 dic
823 564 972 626 Latinum,

467 647 594 708 Barbite,
609 663 736 711 carmen,

404 786 431 840 l.
474 783 651 841 Preteritive
667 785 748 842 Verb
765 783 794 840 in
811 785 860 841 the
875 783 1021 842 Protasis.

342 884 381 939 Α.
406 880 497 941 Sidi
510 903 580 940 non.

403 983 452 1058 a).
499 982 613 1043 Second
629 985 741 1042 Person
758 984 910 1060 Singular.

301 1134 397 1208 Epist.
416 1135 444 1204 Ι,
462 1135 491 1204 6,
511 1135 605 1192 67·68

644 1234 748 1302 Siquid
761 1235 872 1288 novisti
885 1235 995 1288 rectius
1007 1234 1083 1296 istis,

433 1316 578 1368 candidus
589 1316 713 1384 inperti3
725 1317 751 1369 si
763 1334 833 1380 non,
847 1318 895 1370 hie
908 1325 991 1371 utere
1003 1333 1128 1369 mecum.

303 1502 371 1575 18).
415 1500 563 1575 Apodosis
579 1501 609 1557 in
625 1502 673 1559 tbe
690 1503 813 1560 Present
828 1502 1033 1578 subjunctive.

407 1605 434 1657 l.
481 1599 621 1676 Optativc
637 1602 841 1678 subjunctive.

344 1704 382 1758 A.
407 1702 540 1760 Protesis
556 1701 728 1760 introduced
744 1704 784 1780 by
799 1702 835 1760 si.

405 1802 449 1877 a).
493 1802 575 1860 First
588 1803 701 1860 Person
718 1802 869 1878 singular.

303 1936 399 1994 Serm.
415 1937 459 2006 ΙΙ,
479 1938 508 2007 6,
527 1938 621 1995 54-55

666 2040 706 2089 At
717 2052 820 2088 omnes
832 2036 864 2087 di
876 2037 1029 2103 exagitent
1040 2052 1096 2099 me,

437 2119 462 2171 si
475 2119 642 2187 quicquam.
657 2120 709 2184 (sc.
723 2119 853 2185 audivi).

408 2253 453 2326 b).
499 2255 594 2312 Third
609 2256 721 2313 Person
739 2220 889 2331 singular.

304 2386 362 2446 Od.
380 2388 442 2456 ΙΙΙ,
462 2389 513 2454 27,
531 2390 583 2446 5-7

439 2508 571 2571 Rumpat
581 2510 612 2556 et
624 2520 746 2572 serpens
758 2505 817 2557 iter
829 2506 1012 2567 institutnm,

438 2587 470 2639 Si
482 2602 535 2653 per
547 2587 701 2654 obliquom
714 2587 823 2640 similis
839 2589 962 2656 sagittae

440 2670 560 2722 Terruit
571 2687 695 2723 mannos
705 2687 711 2722 :

580 2925 633 2976 111.
670 2926 789 2978 erotus·
800 2926 828 2977 iu
840 2924 889 2978 the
901 2926 1051 2989 imperfect
1064 2925 1226 2977 indicative.

309 3109 379 3183 19).
426 3108 576 3183 Apodosis
592 3109 621 3165 in
639 3109 688 3167 the
703 3108 864 3184 Imperfect
879 3109 1057 3168 Indicative.

348 3208 422 3266 This
439 3209 639 3267 combinatiou
663 3229 766 3267 occurs
782 3211 888 3287 chiefly
903 3209 934 3266 in
956 3208 1076 3284 general
1097 3209 1278 3267 conditional
1300 3207 1429 3283 periods.
1476 3209 1507 3265 It

308 3309 332 3365 is
348 3328 414 3365 rare
431 3309 458 3364 iu
476 3311 611 3378 Plautus,
630 3309 773 3388 probably
787 3311 857 3368 does
873 3320 924 3368 not
938 3329 1026 3367 occur
1041 3310 1070 3366 iu
1086 3311 1228 3367 Terence.
1275 3308 1438 3382 Examples
1454 3327 1505 3365 are

309 3407 398 3465 found
430 3410 498 3466 bere
528 3411 586 3466 and
616 3411 697 3467 there
728 3411 756 3467 in
786 3409 891 3469 Cicero
921 3411 978 3467 and
1009 3409 1131 3468 Caesar.
1191 3410 1226 3467 In
1254 3408 1409 3468 Lucretius
1436 3408 1506 3485 only

317 3508 348 3576 V,
366 3508 469 3581 1334;
486 3511 508 3567 it
525 3511 549 3567 is
565 3520 616 3567 not
631 3510 702 3567 used
717 3512 757 3588 by
772 3509 920 3581 Catullus,
934 3511 1072 3569 Tibullus
1088 3511 1145 3567 and
1168 3510 1358 3584 Propertius3
1384 3510 1402 3564 4
1419 3508 1506 3566 times

310 3594 339 3648 in
356 3591 446 3660 ovid,

351 3713 391 3768 A.
416 3712 550 3769 Protasis
566 3712 738 3769 introduced
755 3713 794 3788 by
809 3711 844 3768 ai.

415 3811 461 3886 a).
507 3811 601 3868 Third
617 3812 729 3869 Persou
746 3812 899 3886 Singular.

313 3945 409 4003 Scrm.
429 3945 456 4013 Ι,
475 3946 505 4013 4,
525 3945 577 4001 3-5

444 4060 537 4127 siquis
550 4066 613 4113 erat
625 4061 733 4128 dignus
751 4062 888 4124 describi,
903 4063 982 4130 quod
995 4063 1091 4113 malus
1103 4079 1137 4114 ac
1150 4043 1207 4122 tur,

446 4144 524 4210 quod
538 4145 679 4196 moechus
692 4146 769 4197 foret
780 4152 833 4197 aut
845 4146 968 4197 sicarius
980 4151 1032 4197 aut
1043 4145 1155 4213 alioqui

447 4228 587 4288 famosus,
602 4230 698 4281 multa
712 4245 779 4280 cum
793 4230 929 4281 libertate
942 4229 1093 4281 notabant.
1125 4289 1127 4295 ,

356 4363 385 4418 A
401 4363 520 4434 general
536 4363 684 4421 condition
709 4369 883 4439 expressiug
905 4365 1041 4439 repeated
1064 4376 1348 4436 coruemporaueous
1364 4362 1462 4419 action
1479 4362 1508 4418 iu

315 4462 362 4516 tlre
375 4472 451 4534 past.
