3194 5250
95 581 190 656 Epist.
206 582 234 651 1,
254 581 304 650 18,
322 581 418 637 26-28

226 702 287 752 ant.
301 697 327 748 si
342 712 401 747 non
413 695 486 757 odit,
502 696 579 761 regit
590 711 624 747 ac
637 695 730 748 veluti
743 695 792 762 pia
806 701 898 746 mater

227 781 295 847 plus
308 796 396 847 qnam
408 796 439 831 se
452 795 553 846 sapere
566 784 596 831 et
608 778 768 831 virtutibus
781 794 843 830 esse
857 778 986 845 priorem

227 865 292 915 volt
303 869 334 914 et
345 862 388 914 ait
400 878 493 929 prope
507 877 591 915 vera:

95 999 164 1072 16).
211 999 360 1072 Apodosis
378 1000 406 1055 iu
423 999 472 1056 the
487 1000 606 1058 Perfect
620 998 799 1057 Indicative.

134 1100 208 1157 This
230 1099 430 1156 cornbination
454 1119 557 1157 occurs
579 1101 669 1156 about
696 1100 730 1154 12
754 1098 840 1156 times
863 1097 891 1153 iu
915 1097 1051 1164 Plautus,
1077 1097 1134 1154 less
1157 1097 1237 1154 often
1263 1098 1291 1154 iu

92 1201 234 1269 Terence,
253 1198 360 1279 (Adel.
374 1198 458 1257 103:
480 1198 574 1257 Haut.
591 1198 673 1257 631.-
695 1197 766 1255 Hec.
787 1196 880 1273 709)
926 1197 995 1255 Itis
1012 1196 1101 1254 found
1118 1197 1147 1253 in
1165 1196 1285 1266 Cicero,

93 1300 249 1357 Lucretius
267 1300 328 1379 (2),
354 1298 491 1357 Catullus
509 1301 571 1380 (1),
597 1299 768 1374 Propertius
788 1299 857 1375 (2),
882 1296 960 1356 Ovid
978 1298 1063 1377 (12),
1089 1308 1139 1354 not
1163 1297 1243 1355 often
1263 1299 1291 1354 in

95 1400 181 1475 Livy.
225 1400 254 1457 It
269 1400 339 1456 does
351 1410 402 1456 not
417 1419 506 1457 occur
521 1400 550 1456 iu
566 1399 715 1457 Tibullus.

135 1501 175 1556 A.
201 1499 334 1557 Protasis
350 1499 523 1557 introduced
540 1501 578 1576 by
593 1498 629 1555 εἰ.

198 1602 246 1674 a).
290 1599 384 1657 Third
402 1601 513 1657 Person
530 1597 683 1673 Singular.

95 1714 152 1774 Od.
171 1717 234 1780 ΙΙΙ,
253 1716 415 1782 23,17-20

229 1831 375 1883 Immunis
387 1848 469 1883 aram
482 1833 507 1883 si
519 1831 620 1898 tetigit
632 1848 746 1892 manus,

228 1917 295 1967 Non
308 1921 483 1981 sumptuosa
494 1914 633 1967 blandior
645 1914 752 1967 hostia.

263 1998 397 2050 Mollivit
408 2014 527 2050 aversos
541 1998 658 2050 Penatis

295 2083 384 2133 Farre
393 2081 444 2149 pio
456 2088 486 2133 et
498 2081 623 2133 saliente
636 2081 720 2133 mica.

96 2181 153 2241 Od.
168 2184 225 2252 lv,
245 2186 275 2249 9,
294 2184 369 2240 9-10

228 2302 289 2351 Nec
301 2299 399 2366 siquid
411 2299 485 2351 olim
499 2300 573 2351 lusit
585 2303 749 2361 Anacreon,

230 2383 350 2444 Delevit
361 2389 441 2434 aetas
453 2398 459 2444 ;

98 2535 166 2607 17).
210 2535 360 2608 Apodosis
377 2535 404 2591 in
422 2535 471 2592 the
488 2535 680 2609 Imperative.

137 2633 287 2704 Schmalz,
308 2633 373 2691 Lot.
393 2632 496 2691 Gram.
523 2636 538 2702 ξ
562 2633 624 2691 341
649 2633 766 2715 (Drr'tte
783 2633 917 2709 Auflapc,
935 2632 1050 2711 1900),
1077 2635 1135 2690 and
1160 2635 1289 2708 Drager,

95 2732 173 2789 Hist.
194 2731 280 2810 Syru.
303 2733 363 2791 Vol.
382 2733 428 2799 ΙΙ,
443 2754 474 2811 p.
495 2733 569 2800 707,
593 2743 669 2792 state
691 2735 756 2792 that
771 2734 829 2791 this
851 2734 1053 2791 combination
1077 2752 1181 2790 occurs
1197 2734 1225 2789 in
1243 2733 1292 2790 the

94 2833 194 2890 letters
209 2845 239 2891 to
255 2833 360 2892 Cicero
376 2833 484 2914 (Fam.
501 2832 534 2904 8,
551 2834 583 2891 1.
605 2831 733 2904 Caclius,
751 2833 805 2903 15,
822 2833 875 2892 19.
895 2831 1045 2909 Cassius),
1063 2835 1117 2890 but
1130 2834 1292 2890 elsewhere

93 2951 188 2989 seems
211 2943 240 2990 to
255 2935 291 2991 be
313 2935 446 2991 confined
469 2944 499 2992 to
521 2935 665 3004 Terence,
690 2933 814 3004 Sallust,
838 2934 962 2991 Tacitus
985 2935 1042 2990 and
1064 2934 1207 2992 Juvenal.
1255 2934 1289 2990 ln

93 3032 226 3090 addition
241 3043 270 3091 to
293 3035 342 3090 the
358 3032 511 3109 following
533 3034 680 3092 instances
696 3034 725 3091 iu
748 3035 878 3103 Horace,
896 3035 1047 3108 examples
1070 3034 1132 3096 also
1148 3053 1237 3090 occur
1260 3034 1288 3089 in

94 3133 218 3191 Plautus
233 3132 292 3214 (cf.
315 3131 400 3210 Capt.
419 3133 515 3193 1035.
540 3133 621 3191 Rad.
638 3132 733 3209 323),
751 3134 809 3190 and
825 3134 874 3192 the
889 3134 1012 3208 Elegiae
1026 3134 1125 3191 Poeta.
1169 3135 1244 3190 Also
1261 3134 1288 3189 in

94 3231 212 3292 Gellius
228 3231 302 3314 (20,
320 3233 351 3303 1,
369 3233 432 3310 49)
448 3234 477 3290 in
494 3254 511 3291 a
527 3235 649 3292 citation
667 3233 742 3291 lrcnr
758 3235 807 3292 the
823 3233 944 3292 Twelve
959 3234 1080 3291 Tables.

137 3335 177 3391 A.
199 3333 333 3391 Protasis
348 3332 521 3392 introduced
537 3336 576 3411 by
590 3333 625 3390 si.

200 3436 249 3507 a).
293 3433 387 3491 Third
404 3434 517 3491 Person
535 3435 685 3509 Singular.

95 3549 191 3624 upon.
210 3551 260 3620 14,
280 3522 375 3608 raa

529 3633 608 3700 quod
622 3633 719 3684 sinon
732 3633 887 3700 pulchrior
899 3632 977 3700 ignis

227 3715 365 3767 accendit
377 3732 527 3783 opsessam
541 3715 630 3778 Ilion,

229 3798 324 3864 gande
338 3805 416 3850 sorte
429 3806 497 3851 tna:

97 3914 194 3975 Serm.
209 3916 254 3985 ΙΙ,
273 3917 304 3986 5,
321 3918 416 3974 93-94

561 4015 658 4061 mone,
673 4000 697 4051 si
710 3999 872 4051 increbruit
884 4016 963 4060 aura,

227 4087 332 4132 cautus
345 4083 390 4133 uti
404 4083 484 4134 velet
496 4099 597 4134 carum
610 4090 714 4150 caput;

200 4201 251 4274 b).
297 4200 378 4258 First
393 4202 505 4258 Person
521 4202 634 4259 Plural.

94 4298 153 4357 Od.
172 4299 199 4368 I,
218 4300 269 4366 32,
289 4301 340 4357 1-4

231 4414 393 4466 Poscimnr.
432 4416 538 4483 Siquid
551 4417 637 4468 vacui
649 4416 703 4467 sub
716 4417 820 4468 umbra

230 4497 370 4554 Lusimus
383 4505 492 4561 tecum,
507 4501 586 4567 quod
599 4506 629 4551 et
648 4501 728 4551 hunc
741 4500 770 4551 in
783 4516 894 4552 annum
