3194 5250
878 383 917 440 60

478 641 721 721 Conditional
744 650 896 720 Periods
917 653 956 720 in
979 651 1111 721 Oratio
1134 652 1307 736 obliqua.

296 852 368 928 44).
414 851 512 909 There
528 870 578 908 are
601 852 654 909 but
668 851 725 908 few
741 851 889 909 instaures
912 852 941 908 in
958 853 1077 910 Horace
1092 851 1126 908 of
1145 872 1162 910 a
1179 852 1370 912 Conditional
1387 856 1498 913 Period

297 951 326 1008 in
343 949 448 1010 Oratio
464 949 606 1026 Obliqua.

404 1055 432 1108 l.
478 1053 520 1110 A.
548 1049 595 1109 Si.

299 1187 395 1244 Serm.
413 1187 441 1255 Ι,
459 1187 490 1256 5,
510 1187 647 1244 101-103

596 1317 724 1370 namque
736 1302 808 1354 deos
820 1302 913 1354 didici
924 1319 1062 1355 securum
1074 1320 1159 1371 agere
1172 1321 1285 1366 aevom,

431 1401 494 1447 nec,
509 1384 609 1452 siquid
621 1384 690 1436 miri
703 1385 793 1437 faciat
804 1391 919 1448 natura,
934 1386 1006 1438 deos
1018 1387 1052 1439 id

430 1467 526 1520 tristis
538 1484 575 1519 ex
587 1469 649 1520 alto
661 1468 736 1521 caeli
748 1468 904 1521 demittere
916 1475 1005 1522 tecto.

340 1589 377 1644 B.
405 1584 485 1644 Siva.

299 1720 397 1779 Serm.
414 1720 460 1791 11,
478 1721 509 1790 ὁ,
529 1720 665 1778 108-109

403 1822 432 1878 2.
479 1820 568 1878 After
583 1840 600 1877 a
616 1822 688 1878 verb
704 1840 738 1878 or
752 1821 924 1895 expression
940 1822 974 1879 of
985 1822 1174 1898 threateat'ap.

264 1926 267 1931 ’
341 1922 381 1979 A.
409 1918 456 1978 Si.

300 2054 397 2114 serm.
411 2056 439 2125 1,
457 2058 488 2125 3,
508 2055 643 2111 120-124

431 2191 507 2239 Nam
520 2192 554 2239 ut
568 2189 664 2239 ferula
676 2187 780 2239 caedas
793 2187 932 2240 meritum
945 2188 1056 2241 maiora
1068 2189 1168 2241 subire

432 2272 553 2324 verbera
566 2287 626 2322 non
639 2287 751 2333 vereor,
766 2287 835 2323 cum
847 2272 929 2324 dicas
943 2288 1007 2324 esse
1020 2272 1099 2339 paris
1112 2290 1158 2326 res

437 2356 515 2406 furta
527 2353 694 2406 latrociniis
706 2360 736 2405 et
748 2355 864 2422 magnis
876 2370 967 2421 parva
979 2354 1102 2407 mineris
1186 2377 1187 2381 ¹

436 2439 512 2490 falce
522 2438 688 2489 recisurum
701 2437 794 2489 simili
806 2444 845 2500 te,
860 2438 886 2491 si
897 2438 953 2490 tibi
965 2454 1091 2506 reguum

433 2521 609 2587 permittant
621 2521 767 2573 homines.

302 2640 399 2707 Sirim,
417 2640 461 2707 ΙΙ,
482 2642 511 2709 1,
528 2640 623 2696 47·49

434 2771 557 2825 Cervius
569 2772 663 2824 iratus
675 2773 757 2840 leges
769 2772 926 2826 minitatur
938 2780 968 2825 et
986 2790 1101 2836 urnam,

434 2855 557 2908 Canidia
569 2856 687 2917 Albuci,
701 2856 809 2923 quibus
821 2863 867 2910 est
878 2857 1010 2919 inimica,
1025 2873 1182 2919 venenum,

432 2940 543 3007 grande
558 2940 671 2991 malum
683 2939 803 3001 Turius,
817 2940 916 3007 siquid
930 2957 960 2992 se
972 2940 1071 2992 iudice
1084 2946 1188 2993 certes.

302 3057 398 3116 Serm.
416 3059 463 3126 ΙΙ,
481 3060 510 3128 3,
530 3060 604 3117 9-10

434 3190 526 3259 Atqui
539 3193 639 3243 voltus
651 3197 715 3242 erat
727 3192 823 3244 multa
834 3198 865 3244 et
883 3192 1034 3258 praeclara
1046 3192 1199 3254 minantis,

434 3274 459 3326 si
471 3290 598 3326 vacuum
609 3274 712 3342 tepido
724 3275 853 3342 cepisset
866 3275 973 3328 villula
985 3281 1074 3327 tecto.

343 3395 378 3451 B.
404 3392 481 3451 Nisi.

303 3529 360 3586 Od.
379 3529 406 3597 Ι,
428 3528 478 3597 10,
496 3529 569 3584 9-12

435 3643 485 3705 Te,
499 3644 589 3695 boves
601 3643 674 3694 olim
687 3643 745 3695 nisi
758 3643 939 3697 reddidisses

436 3731 491 3779 Per
503 3727 607 3779 dolum
619 3733 742 3789 amotas,
756 3743 882 3795 puerum
896 3727 1003 3780 minaci

434 3814 513 3864 Voce
526 3811 598 3862 dum
610 3817 712 3873 terret,
727 3811 835 3864 viduus
848 3813 986 3879 pharetra

468 3894 548 3947 Risit
559 3895 679 3962 Apollo.

407 4015 437 4072 3.
484 4013 629 4070 Informal
645 4012 750 4072 Oratio
766 3979 913 4088 Obliqua.

333 4117 385 4172 A.
412 4112 464 4170 Ni.

304 4247 400 4306 serm.
418 4249 445 4317 Ι,
464 4248 495 4316 9,
513 4247 608 4304 36-37

635 4369 664 4414 et
676 4378 746 4413 casu
759 4369 824 4414 tum
837 4362 1017 4428 respondere
1029 4363 1135 4414 vadato

434 4445 573 4507 debebat3
594 4445 717 4513 quodni
730 4445 857 4506 fecisset,
872 4446 994 4511 perdere
1007 4445 1100 4498 litem.
1153 4512 1157 4519 1
