3194 5250
693 391 730 449 37

210 577 239 631 2.
285 577 397 633 Futuro
412 574 593 650 Imperative
608 575 638 632 in
655 575 703 632 the
719 573 880 649 Apodosis.

148 677 187 732 A.
213 675 346 733 Protesis
361 675 533 732 introduced
549 675 588 750 by
603 673 639 730 si.

209 776 254 852 a).
279 819 282 826 ,
300 776 394 833 Third
410 776 522 833 Person
539 773 690 849 Singular.

106 909 164 970 Od.
179 911 242 978 Ill,
258 912 307 979 14,
333 911 427 966 23-24

238 1025 270 1078 Si
279 1041 332 1092 per
343 1024 475 1078 invisum
487 1041 569 1076 mora
580 1024 738 1076 ianitorem

273 1109 349 1171 Fiet,
362 1109 452 1161 abito.

105 1229 203 1304 Epist.
221 1229 248 1298 I,
269 1229 319 1298 13,
339 1229 390 1286 6-7

238 1344 270 1396 Si
282 1349 311 1395 te
325 1345 402 1396 torte
414 1359 495 1395 meae
507 1342 606 1410 gravis
618 1348 685 1394 uret
697 1343 812 1394 sarcina
824 1344 954 1402 chartae,

239 1428 348 1480 abicito

209 1547 238 1603 3.
282 1547 463 1621 Imperutivc
477 1545 510 1603 oi
522 1545 640 1602 memini
654 1545 684 1601 in
700 1545 749 1602 the
765 1545 926 1619 Apodosis.

147 1646 190 1707 A.
216 1647 349 1705 Protesis
365 1646 538 1704 introduced
553 1647 593 1723 by
607 1644 642 1702 si.
739 1672 747 1692 ·

211 1751 260 1822 a).
306 1746 401 1806 Third
416 1748 528 1805 Person
547 1745 698 1821 singular,

107 1884 203 1958 Epist.
219 1884 247 1953 Ι,
265 1883 296 1951 8,
315 1882 408 1938 15-16

240 1999 272 2052 Si
284 1998 364 2050 dicet
377 2001 486 2059 ‘recte,’
501 1995 631 2063 primum
643 1996 781 2063 gaudere,
795 1997 921 2049 subinde
942 1995 948 2006 ’

240 2087 433 2150 praeceptum
445 2079 587 2132 auriculis
601 2081 658 2131 hoc
669 2079 818 2132 instillare
837 2086 1002 2132 memento:

106 2271 180 2342 ι23).
226 2271 351 2326 Present
365 2266 563 2342 Suhjunctive
575 2265 605 2322 in
623 2266 671 2323 the
686 2266 849 2340 Apodosis.

213 2374 241 2426 1.
287 2366 632 2442 dussiveSnbjnuctive.

149 2472 188 2527 A.
214 2469 348 2528 Protasis
364 2467 535 2526 introduced
552 2468 591 2543 by
606 2465 642 2522 si.

210 2571 256 2647 a).
301 2569 397 2627 Third
412 2569 524 2626 Person
542 2566 695 2641 Singular.

106 2703 165 2763 Od.
183 2705 245 2774 ΙΙΙ,
264 2704 316 2773 24,
334 2703 427 2760 27-29

238 2819 270 2872 Si
283 2824 405 2887 quaeret
417 2821 524 2884 “pater
536 2816 674 2868 urbium'’

272 2901 425 2955 subscribi
437 2899 554 2962 statuis,
568 2899 746 2951 indomitam
764 2900 871 2951 audeat

239 2987 399 3038 Refrenare
411 2983 574 3045 licentiam,

104 3108 201 3166 serm.
219 3107 246 3175 I,
265 3106 295 3171 3,
315 3105 408 3161 69-72

572 3201 694 3252 Amicus
706 3201 814 3261 dulcis,
830 3208 863 3252 ut
873 3216 1000 3268 aequum
1012 3207 1067 3261 est,

239 3303 307 3338 cum
319 3303 384 3338 mea
396 3289 570 3351 compenset
581 3284 664 3336 vitiis
676 3285 762 3344 bona,
777 3284 1019 3351 pluribushisce,

239 3371 265 3422 si
277 3370 366 3421 modo
378 3370 466 3436 plura
478 3369 554 3438 mihi
566 3368 643 3419 bona
656 3374 735 3428 sunt,
750 3367 886 3428 inclinet,
900 3370 993 3420 amari

239 3453 264 3506 si
277 3453 373 3506 volet:
393 3453 449 3504 hac
460 3453 526 3518 lege
538 3451 569 3502 in
582 3451 695 3503 trutina
707 3457 835 3518 ponetur
846 3451 957 3503 eadem.

104 3591 201 3666 Epist.
220 3591 247 3660 I,
265 3591 317 3659 20,
335 3589 430 3645 26-27

240 3707 327 3757 Forte
340 3720 440 3755 meum
453 3702 546 3770 siquis
559 3709 587 3754 te
601 3703 824 3770 percontabitur
835 3719 956 3755 aevum:

241 3805 288 3841 me
300 3793 404 3855 quater
415 3787 550 3839 undenos
563 3787 637 3837 sciat
648 3785 820 3852 implevisse
834 3787 1013 3848 Decembris,

208 3911 238 3966 2.
284 3907 478 3983 Subjunotive
501 3906 530 3962 in
546 3926 565 3962 a
581 3905 752 3963 Rhetorical
767 3903 922 3978 Question.

147 4012 187 4068 Α.
213 4008 347 4068 Protasis
362 4006 535 4065 introduced
551 4007 591 4082 by
605 4004 640 4061 si.

210 4112 260 4184 a).
306 4107 401 4166 Third
416 4108 528 4165 Person
545 4105 698 4178 Singular.

107 4263 205 4323 Serm.
222 4261 267 4329 11,
286 4260 316 4327 3,
335 4258 471 4315 rou-254

240 4375 272 4428 Si
284 4373 431 4441 puerilius
443 4372 491 4424 his
504 4372 580 4424 ratio
593 4388 656 4424 csse
669 4372 787 4424 evincet
799 4388 906 4433 amare,

240 4457 465 4525 necquicquam
478 4457 590 4516 differe,
605 4461 745 4506 utrumne
753 4455 785 4506 in
798 4456 931 4521 pulvere,
945 4457 1053 4508 trimus
