3194 5250
204 452 246 508 A.
263 451 299 509 P.
316 451 451 509 tlt-421

336 588 378 637 Ut
390 599 505 651 praeco,
518 586 556 637 ad
569 601 681 637 merces
692 585 811 636 turbam
824 584 875 653 qui
887 585 969 650 cogit
979 586 1130 647 emendas,

334 667 538 721 adsentatores
549 669 633 720 iubet
644 667 682 720 ad
695 669 814 719 lucrum
825 667 869 719 ire
887 674 976 735 poeta

333 750 414 804 dives
425 752 514 818 agris,
527 751 609 805 dives
621 751 728 820 positis
739 751 772 802 in
786 752 903 803 faenore
915 751 1058 804 nummis.

203 886 245 942 A.
262 886 297 944 P.
315 887 376 944 467

333 1019 462 1072 invitum
474 1020 527 1088 qui
538 1028 645 1081 servat,
658 1019 739 1071 idem
753 1019 824 1072 facit
835 1019 995 1072 occidenti.

203 1151 261 1212 od.
280 1155 343 1225 111,
363 1156 414 1227 14,
432 1156 528 1213 ΜΒ

335 1290 403 1339 Νοιι
415 1303 471 1354 ego
483 1289 541 1340 hoc
553 1288 661 1340 ferrem
673 1287 786 1340 calidus
797 1287 920 1341 iuventa

368 1372 498 1423 Consule
509 1372 630 1423 Planco.

203 1589 290 1665 136).
336 1587 495 1648 Condition
512 1588 633 1664 impliod
649 1589 679 1646 in
695 1596 769 1647 uter.

202 1720 298 1781 Serm.
314 1723 359 1790 II,
377 1723 407 1793 3,
428 1724 562 1779 180·l8l

797 1807 864 1857 uter
873 1804 981 1857 aedilis
993 1805 1121 1858 fueritve

333 1894 466 1940 vestrum
479 1893 607 1955 praetor,
620 1887 647 1940 is
658 1887 840 1941 intestabilis
852 1895 884 1941 et
895 1905 978 1941 sacer
989 1895 1064 1942 esto.

202 2005 298 2065 Serm.
317 2007 361 2073 lI,
380 2007 411 2078 5,
429 2006 525 2064 27·30

334 2125 442 2188 Magna
456 2121 590 2174 minorve
603 2123 668 2175 foro
680 2122 705 2175 si
719 2139 766 2175 res
778 2122 940 2175 certabitur
952 2122 1036 2185 olim,
1154 2177 1157 2184 ,

332 2205 414 2258 vivet
425 2207 492 2258 uter
503 2206 639 2272 locuples
651 2205 715 2258 sine
727 2206 836 2272 gnatis,
850 2205 1013 2273 improbus,
1029 2208 1110 2259 ultro

333 2288 385 2355 qui
398 2288 553 2340 meliorem
565 2288 663 2341 audax
675 2296 759 2342 vocet
770 2288 801 2341 in
814 2288 871 2350 ius,
885 2289 971 2342 illius
984 2295 1048 2342 esto

331 2371 471 2424 defensor
481 2388 487 2435 ;

200 2589 288 2667 137).
333 2589 492 2648 Condition
509 2590 629 2665 impliad
644 2591 674 2648 in
690 2611 727 2648 au
744 2591 886 2649 Ablutive
902 2591 1059 2650 Absolute.

199 2705 256 2766 Od.
274 2707 332 2776 IV,
349 2708 380 2775 5,
399 2708 493 2765 25-27

331 2838 404 2905 Quis
418 2841 561 2892 Parthum
573 2845 688 2907 paveat,
702 2840 769 2908 quis
780 2840 915 2907 gelidum
928 2841 1071 2907 Scythen,

330 2922 403 2987 Quis
417 2923 576 2975 Germania
588 2939 661 2991 quos
674 2924 795 2975 horrida
807 2922 937 2991 parturit

330 3007 430 3067 Fetus,
445 3005 586 3058 incolumi
599 3005 747 3059 Caesare?

198 3121 254 3182 Od.
267 3124 325 3194 IV,
343 3125 374 3194 8,
394 3125 445 3180 1-6

329 3243 478 3291 Donarem
491 3246 608 3306 pateras
619 3245 761 3308 grataque
774 3240 959 3302 commodus,

328 3322 500 3384 Censoriae,
515 3322 589 3374 meis
600 3340 668 3375 aera
680 3323 844 3386 sodalibus,

329 3409 478 3458 Donarem
491 3407 634 3474 tripodas,
649 3407 780 3475 praemia
793 3407 916 3460 fortium

330 3489 499 3551 Graiorum,
513 3506 609 3558 neque
620 3496 655 3542 tu
668 3490 796 3558 pessima
809 3507 968 3545 munerum

331 3574 446 3634 Ferrea,
459 3572 551 3626 divite
563 3589 609 3626 me
621 3573 737 3626 scilicet
748 3574 867 3636 artium,

332 3658 412 3721 Quas
425 3663 477 3708 aut
489 3656 663 3710 Parrhasius
676 3657 804 3724 protulit
815 3663 868 3710 aut
879 3660 1000 3727 Scopas,

198 3787 296 3848 Serm.
314 3790 341 3859 1,
362 3792 391 3860 l,
409 3790 505 3848 69-70

564 3861 681 3942 Mutato
693 3890 811 3944 nomine
823 3891 859 3944 de
872 3897 902 3944 te

331 3972 431 4024 fabula
447 3979 599 4025 narratur:

200 4105 296 4164 Serm.
312 4107 339 4176 I,
360 4108 388 4175 1,
408 4108 503 4165 74-75

330 4270 396 4337 quis
407 4273 538 4324 humana
550 4273 607 4325 sibi
618 4273 720 4326 doleat
730 4279 838 4326 natura
849 4192 1016 4340 negatffe,
