3194 5250
784 330 825 386 48

306 515 335 571 3.
383 514 576 590 Subjunctire
592 513 620 570 in
638 533 655 569 a
671 513 842 571 Rhetoriral
858 511 1001 586 Question
1017 514 1046 570 in
1064 515 1112 572 the
1130 516 1295 591 Apodosis.

249 615 285 670 Α.
311 615 444 672 Protesis
460 614 632 672 introduced
648 612 737 689 byei.

285 721 336 788 a).
382 714 498 774 Second
513 716 625 772 Persou
643 713 793 788 Singular.

203 846 299 905 Serm.
318 849 363 919 ΙΙ,
382 849 412 918 6,
430 849 522 904 30-31

601 950 645 998 ‘tu
657 947 759 1013 pulses
771 961 858 997 omne
871 946 950 1012 quod
962 947 1070 1009 obstat,

334 1030 371 1080 ad
385 1033 586 1082 Maecenatem
598 1029 723 1081 memori
736 1029 761 1079 si
774 1035 872 1080 mente
885 1031 1054 1081 recurres?'

304 1150 354 1222 b).
400 1149 495 1206 Third
510 1150 623 1206 Persou
640 1147 793 1223 Singuler.

201 1283 298 1357 Epist.
316 1283 344 1351 Ι,
362 1283 412 1351 16,
430 1283 524 1340 36-38

336 1398 429 1458 Idcm,
444 1399 469 1449 si
482 1400 591 1449 clamet
604 1399 710 1458 iurem,
724 1402 813 1463 neget
826 1413 890 1449 esse
903 1397 1057 1463 pudicum,

333 1482 494 1533 contendat
506 1483 612 1548 laqueo
625 1481 738 1532 collum
751 1481 894 1546 pressisse
907 1487 1083 1546 paternum:

333 1564 469 1616 mordear
481 1564 648 1631 obprobriis
661 1564 745 1615 falsis
758 1570 930 1630 mutemque
942 1565 1079 1617 colores?

200 1735 271 1810 30).
318 1734 468 1808 Apodosis
483 1734 512 1789 in
528 1734 577 1790 the
592 1731 711 1791 Perfert
726 1731 931 1810 Subjunctive.

241 1838 282 1891 A.
307 1834 441 1892 Protesis
457 1832 629 1890 introduced
645 1832 735 1910 byei.

302 1934 350 2009 a).
396 1933 492 1992 Third
507 1935 618 1991 Persou
636 1934 788 2008 singular.

199 2052 296 2127 Epod.
316 2054 345 2120 2,
364 2052 459 2108 39-50

333 2166 447 2231 Quodsi
460 2166 568 2233 pudice
580 2166 689 2218 mulier
701 2166 732 2217 in
745 2172 861 2232 partem
873 2167 956 2219 iuvet

362 2255 490 2301 Domum
503 2255 591 2317 atque
604 2249 703 2301 dulcis
716 2249 837 2311 liberos,

339 2369 492 2382 ..........
498 2339 861 2385 extruat...............

372 2453 492 2465 ........
499 2417 735 2468 siccet.........

373 2537 626 2549 ................
633 2506 756 2567 apparet
768 2515 773 2550 :

332 2587 399 2635 Non
413 2600 459 2635 me
473 2585 600 2640 Lucrina
612 2583 744 2636 iuverint
756 2583 916 2649 conchylia

367 2667 500 2732 Magisve
514 2667 657 2719 rhombus
669 2672 721 2718 sut
733 2666 817 2728 scari,

302 2804 352 2877 b).
397 2803 493 2859 Third
508 2804 620 2860 Persou
636 2801 751 2860 Plural.

200 2937 257 2998 or.
275 2939 333 3008 lv,
351 2941 381 3009 s,
401 2938 494 2995 ross
513 2916 516 2923 '

866 3050 902 3086 ne
924 3051 962 3087 ue

331 3120 362 3173 Si
374 3123 493 3172 chartae
506 3119 615 3169 sileant
628 3117 706 3185 quod
719 3117 793 3169 bene
808 3050 923 3179 feceris}

332 3204 500 3255 Mercedem
513 3202 628 3253 tuleris.

237 3321 375 3397 Possibly
391 3319 489 3379 tuleris
505 3340 574 3397 may
590 3321 624 3377 be
641 3320 753 3376 Futuro
768 3318 887 3377 Perfect
903 3320 1080 3378 Indicetive.

199 3510 270 3582 31).
316 3506 465 3581 Apodosis
482 3505 511 3561 in
527 3504 575 3562 the
592 3505 717 3561 Present
731 3502 908 3560 Indicetive.

305 3611 332 3663 l.
375 3603 709 3664 GerrerelConditions.

240 3708 280 3764 A.
305 3705 439 3764 Protesis
453 3704 626 3761 introduced
641 3701 729 3779 byei.

302 3810 352 3880 a).
399 3803 513 3862 Second
529 3804 641 3860 Persou
658 3802 810 3877 Singultr.

200 3925 295 3982 Serm.
314 3924 341 3990 I,
360 3924 390 3992 2,
409 3923 480 3979 7-11

331 4041 420 4088 Hunc
432 4036 457 4088 si
470 4034 664 4102 perconteris,
678 4035 727 4086 avi
739 4051 791 4087 cur
804 4042 891 4102 etque
904 4036 1036 4102 parentis

331 4122 514 4187 praeclaram
525 4118 642 4184 ingrata
654 4118 782 4184 stringat
794 4120 891 4170 malus
909 4120 1044 4186 ingluvie
1056 4137 1129 4183 rem,

330 4204 429 4257 omnia
442 4203 598 4255 conductis
611 4218 747 4254 coemens
760 4202 883 4254 obsonia
896 4204 1037 4265 nummis,

332 4286 469 4340 sordidus
481 4292 569 4353 atque
582 4285 675 4336 animi
687 4285 765 4352 quod
778 4286 863 4351 parvi
875 4286 953 4337 nolit
965 4287 1076 4349 haberi,

331 4370 500 4437 respondet.
