3194 5250
729 425 764 478 15

188 601 227 657 Α.
256 602 304 672 l).
350 602 415 659 The
430 603 564 660 Protasis
579 603 604 660 is
620 604 796 662 introduced
808 608 845 681 by
861 605 895 661 si.

253 734 299 811 a).
346 737 427 794 First
441 738 552 794 Person
570 735 720 812 Singulnr.

147 871 242 930 serm.
258 871 286 933 Ι,
303 872 335 938 4,
355 871 489 927 101-103

491 986 578 1051 Quod
591 987 697 1038 vitium
710 989 816 1053 procul
828 989 908 1040 afore
921 989 1042 1050 chartis,

280 1076 368 1137 atque
379 1070 479 1132 animo
492 1069 584 1137 prius,
598 1076 632 1121 ut
644 1071 742 1138 siquid
755 1072 925 1137 promittere
937 1071 975 1124 de
987 1089 1033 1124 me

279 1169 400 1220 possum
413 1153 496 1204 aliud
508 1170 585 1214 vere,
600 1155 751 1220 promitto.

148 1274 212 1331 The
227 1273 426 1331 construction
443 1272 485 1330 is:
539 1281 568 1330 ut
583 1272 772 1353 (promitto),
787 1273 885 1350 siquid
900 1274 983 1332 aliud
998 1297 1060 1332 uero
1076 1275 1110 1332 de
1125 1297 1168 1333 me
1179 1276 1344 1354 promittere

145 1393 262 1450 possum
277 1371 357 1452 (ita)
368 1371 505 1449 promitto
522 1373 615 1448 afore,
631 1381 680 1430 etc.

151 1507 248 1566 Serm.
266 1507 292 1575 Ι,
311 1509 341 1573 4,
364 1508 495 1563 llo-119

785 1623 826 1673 mi
839 1623 910 1674 satis
921 1629 975 1685 est,
995 1624 1021 1675 si

283 1705 425 1757 traditum
438 1706 474 1756 ab
485 1706 616 1773 antiquis
629 1722 740 1758 morem
754 1722 869 1758 servare
881 1713 1031 1775 tuamque,

282 1789 354 1840 dum
367 1789 499 1840 custodis
511 1805 589 1852 eges,
604 1789 695 1841 vitam
709 1790 875 1856 famamque
888 1791 966 1842 tueri

284 1873 464 1924 incolumem
478 1888 616 1939 possum;

152 1991 248 2050 Serm.
267 1992 311 2059 ΙΙ,
330 1992 360 2061 3,
382 1993 516 2048 188-190

984 2094 991 2118 ‘
1001 2093 1041 2146 Et
1052 2108 1175 2159 aequam

285 2189 347 2225 rem
359 2172 506 2239 imperito,
521 2189 554 2224 ac
567 2173 592 2224 si
605 2173 653 2225 cui
664 2173 767 2225 videor
778 2189 838 2225 non
849 2175 956 2234 iustus,
970 2173 1068 2226 inulto

285 2256 383 2309 dicere
396 2256 474 2324 quod
487 2257 580 2308 sentit
591 2256 752 2323 permitto)

153 2393 248 2451 Setun.
267 2392 312 2460 ΙΙ,
330 2391 361 2459 6,
379 2393 453 2448 8·13

285 2507 309 2558 si
323 2523 444 2559 veneror
457 2509 569 2558 stultus
581 2506 660 2559 nihil
672 2508 795 2559 horum:
833 2511 868 2558 ‘o
881 2507 906 2558 si
918 2508 1046 2574 angulus
1058 2508 1112 2560 ille

285 2591 439 2657 proximus
451 2589 580 2650 accedat,
594 2589 645 2656 qui
655 2605 734 2641 nunc
746 2590 901 2642 denormat
912 2590 1058 2656 agellum!

284 2673 339 2724 osi
352 2689 456 2724 urnam
469 2673 584 2740 argenti
597 2674 658 2724 fors
670 2689 744 2740 quse
756 2673 831 2724 mihi
844 2679 998 2734 monstret,
1013 2680 1047 2725 ut
1057 2673 1115 2736 illi,

283 2759 423 2809 thesauro
434 2757 556 2809 invento
568 2756 618 2823 qui
632 2756 851 2808 mercennarius
863 2772 967 2822 agrum

283 2840 372 2892 illum
384 2840 484 2906 ipsum
497 2845 643 2891 mercatus
655 2838 758 2900 aravit,
773 2839 856 2891 dives
868 2839 962 2891 amico

288 2925 417 2975 Hercule
429 2923 453 2974 !‘
490 2923 525 2983 si,
539 2922 618 2990 quod
631 2922 723 2983 adest,
737 2928 855 2989 gratum
866 2922 959 2983 iuvat,
974 2924 1029 2974 hac
1041 2939 1127 2990 prece
1140 2930 1168 2977 te
1181 2940 1248 2976 oro:

153 3043 249 3101 Sum.
269 3043 311 3109 ΙΙ,
332 3044 361 3107 7,
382 3043 439 3099 102

285 3158 337 3209 Nil
349 3173 413 3224 ego,
427 3157 452 3209 si
465 3157 557 3208 ducor
569 3157 630 3208 libo
643 3158 791 3208 fumante:

156 3297 193 3351 A.
208 3295 244 3351 Ρ.
263 3293 359 3349 55·56

638 3391 702 3457 Ego
714 3406 776 3450 cur,
790 3389 945 3456 adquirere
957 3404 1050 3455 pauca

285 3473 310 3525 si
323 3489 454 3540 possum,
473 3472 618 3534 invidcor,

154 3611 194 3666 Α.
213 3610 249 3666 P.
268 3609 362 3665 86-87

286 3723 456 3790 Descriptas
480 3739 595 3775 servare
609 3722 880 3791 vicesoperumque
893 3726 1008 3776 colores

286 3824 338 3859 cur
349 3823 404 3874 ego
416 3807 442 3858 si
454 3822 568 3874 nequeo
579 3806 749 3874 ignoroque,
763 3815 850 3874 poeta
863 3809 994 3860 salutor?

257 3928 307 3998 b).
354 3923 468 3984 Second
485 3908 596 3982 Persou
614 3924 768 3999 Singulur.

156 4060 251 4119 Secm.
271 4061 315 4128 ΙΙ,
334 4061 364 4128 6,
383 4060 420 4116 39

288 4175 421 4226 Dixeris:
460 4173 642 4241 ‘experiar’:
681 4173 723 4225 ‘si
736 4174 791 4235 vis,
806 4177 906 4241 potes'
920 4174 1004 4225 addit
1016 4179 1046 4225 et
1057 4175 1158 4226 instat.

155 4295 252 4368 Epist.
271 4294 297 4362 1,
315 4295 346 4360 n,
365 4295 456 4350 70-71

485 4407 599 4472 Quodsi
610 4424 706 4460 cessas
718 4415 771 4461 aut
782 4415 921 4460 strenuus
932 4408 1037 4469 anteis,

288 4509 342 4544 nec
350 4492 469 4543 tardum
481 4491 620 4559 opperior
632 4508 685 4543 nec
697 4492 941 4559 praecedentibus
953 4492 1042 4544 insto.
