3194 5250
202 580 300 655 Epist.
319 580 345 650 1,
366 581 415 649 18,
438 581 570 637 107-108

338 715 398 766 ‘Sit
411 714 485 765 mihi
498 713 577 781 quod
589 729 670 765 nunc
681 719 736 774 est,
750 714 840 765 etiam
852 714 962 776 minus,
977 719 1011 767 ut
1022 714 1098 766 mihi
1111 715 1209 767 vivam

333 797 414 865 quod
424 803 560 863 superest
572 797 646 858 aevi,
660 797 759 865 siquid
771 813 926 864 superesse
938 799 1046 851 volunt
1058 798 1089 850 di
1100 814 1106 861 ;

246 935 282 992 Β.
331 931 448 991 Sinon·

305 1036 354 1109 a).
398 1033 493 1091 Third
508 1034 620 1091 Person
637 1030 790 1108 Singular.

202 1186 299 1243 Serm.
317 1185 362 1254 ΙΙ,
380 1185 409 1242 8.
425 1185 478 1241 4·5

764 1286 817 1344 Da,
832 1282 857 1335 si
869 1299 958 1350 grave
970 1299 1031 1335 non
1043 1289 1099 1344 est,

333 1383 408 1434 quae
421 1365 516 1434 prima
527 1365 637 1418 iratum
650 1372 784 1419 ventrem
797 1366 960 1433 placaverit
971 1383 1046 1419 esca.

202 1503 298 1577 apat.
314 1504 342 1573 1,
360 1504 411 1570 ao,
429 1502 503 1559 9-10

334 1651 448 1717 Quodsi
460 1668 519 1703 non
532 1650 601 1703 odio
614 1651 764 1718 peccantis
776 1651 887 1719 desipit
898 1667 1002 1718 augur,

332 1752 417 1787 carus
429 1735 488 1787 eris
502 1738 623 1796 Romae,
637 1734 732 1787 donec
743 1741 773 1787 te
785 1735 902 1787 deserat
914 1741 994 1787 aetas
1006 1750 1012 1797 ;

243 1869 278 1930 C.
321 1870 398 1928 Nisi.

305 1973 355 2046 a).
402 1969 517 2030 Second
532 1972 644 2029 Person
661 1968 814 2045 Singular.

203 2121 374 2193 or.1‚14,
395 2124 486 2179 15-16

433 2255 490 2316 Tu,
509 2254 567 2306 nisi
580 2255 677 2307 ventis

336 2340 433 2391 Debes
445 2338 619 2400 ludibrium,
634 2354 713 2391 cave.

203 2475 261 2536 Od.
280 2476 342 2544 ΙΙΙ,
360 2476 411 2544 27,
430 2474 523 2530 62-66

597 2622 650 2673 age
662 2612 691 2658 te
705 2607 853 2673 procellae

335 2690 429 2742 Crede
442 2689 547 2750 veloci,
562 2688 621 2740 nisi
632 2689 705 2741 erile
718 2691 811 2743 mavis

367 2775 493 2839 Carpere
512 2788 638 2839 pensum

336 2891 448 2956 Regius
461 2890 591 2957 sanguis,
605 2889 801 2958 dominaeque
813 2889 891 2943 tradi

338 2975 480 3026 Barbarae
493 2977 618 3041 paelex)

203 3112 301 3172 Serm.
346 3112 391 3178 Π,
411 3113 440 3181 1,
458 3111 552 3168 77-79

461 3249 492 3295 et
505 3242 603 3309 fragili
617 3257 760 3310 quaerens
772 3241 899 3294 inlidere
911 3241 1041 3303 dentem,

334 3324 582 3386 offendetsolido,
597 3326 656 3377 nisi
667 3325 739 3392 quid
751 3331 794 3388 tu,
808 3325 894 3378 docte
905 3324 1034 3387 Trebati,

333 3409 484 3462 dissentis.

306 3547 356 3622 b).
401 3546 497 3604 Third
513 3547 623 3603 Person
641 3543 792 3619 Singular.

100 3661 102 3664 ’
203 3695 503 3766 or.111,17,s-13

631 3809 695 3844 cras
709 3793 791 3844 foliis
803 3809 909 3845 nemus

334 3878 441 3930 Multis
453 3883 484 3929 et
495 3878 561 3944 alga
575 3877 647 3928 litus
664 3876 769 3928 inutili

369 3961 503 4013 Demissa
515 3965 675 4027 tempestas
687 3960 723 4012 ab
736 3962 816 4015 Euro

400 4046 529 4105 Sternet,
542 4060 633 4111 aquae
644 4043 702 4095 nisi
714 4043 796 4096 fallit
807 4059 902 4110 augur

334 4133 455 4180 Annosa
466 4127 579 4179 cornix.

201 4266 297 4341 Epist.
316 4266 344 4334 I,
363 4268 392 4334 ],
412 4265 469 4321 108

334 4397 490 4464 praecipue
503 4412 601 4457 sanus,
615 4395 673 4448 nisi
682 4412 750 4447 cum
763 4395 872 4462 pituita
884 4397 1010 4447 molesta
1022 4401 1074 4448 est.
