3194 5250
196 597 293 671 Epist.
311 599 356 666 11,
377 601 405 666 1,
426 598 560 654 114-115

861 711 1061 763 habrotonum
1074 726 1162 778 aegro

329 812 389 848 non
401 796 492 848 audet
504 794 563 848 nisi
574 793 625 862 qui
638 793 745 846 didicit
757 793 826 846 dare
838 809 844 857 ;

198 950 238 1004 A.
259 949 292 1005 P.
310 948 449 1005 475-476

329 1096 417 1147 quem
431 1095 500 1132 vero
512 1078 649 1146 arripuit,
662 1083 746 1130 tenet
757 1078 926 1146 occiditque
940 1079 1076 1146 legendo,

331 1179 391 1214 non
405 1163 531 1215 missura
543 1168 643 1214 cutem
655 1161 714 1213 nisi
727 1162 817 1229 plena
829 1161 953 1223 cruoris,
967 1161 1086 1214 hirudo.

303 1316 353 1387 b).
400 1311 544 1372 Nec-mai.

201 1431 299 1491 Serm.
317 1432 345 1502 I,
362 1433 394 1500 4,
412 1433 451 1488 73

336 1580 390 1616 nec
402 1564 495 1616 recito
507 1563 646 1630 cuiquam
658 1562 717 1615 nisi
729 1562 842 1624 amicis,

302 1721 349 1788 o).
396 1713 663 1797 Mittam-nisi.

198 1832 298 1892 Serm.
316 1834 362 1902 Π,
378 1834 409 1901 4,
428 1833 523 1889 25-26

332 1965 484 2026 mendose,
498 1964 640 2033 quoniam
653 1963 754 2018 vacuis
766 1963 953 2016 committere
966 1963 1049 2016 venis

333 2049 378 2100 nil
390 2048 450 2101 nisi
462 2049 529 2100 lene
542 2048 644 2100 decet:

200 2203 297 2261 Sorrn.
315 2202 361 2270 ΙΙ,
379 2202 410 2270 6,
427 2202 480 2258 4-5

828 2314 880 2367 Nil
891 2314 1023 2382 amplius
1035 2330 1097 2376 oro,

334 2400 414 2453 Maia
427 2407 505 2462 nate,
519 2399 578 2453 nisi
590 2405 625 2452 ut
637 2399 759 2467 propria
770 2400 843 2451 haec
856 2398 932 2450 mihi
944 2413 1067 2450 munera
1079 2398 1165 2450 faxis.

200 2536 297 2611 Epist.
316 2537 344 2606 I,
365 2538 413 2606 12,
432 2537 470 2592 23

340 2668 445 2720 ...nil
457 2669 614 2735 Grosphus
626 2667 685 2719 nisi
698 2682 802 2721 verum
814 2666 910 2718 orabit
921 2673 951 2718 et
962 2681 1076 2718 aecum.

202 2822 299 2897 Epist.
317 2821 363 2890 11,
383 2824 413 2890 1,
429 2822 467 2877 49

333 2952 517 3020 miraturque
530 2952 618 3014 nihil,
633 2951 692 3004 nisi
704 2952 784 3020 quod
798 2950 930 3008 Libitina
942 2950 1078 3003 sacravit.

201 3089 298 3163 Epist.
316 3089 361 3156 11,
383 3092 410 3158 1,
429 3088 468 3145 83

246 3296 249 3302 Ι
333 3221 381 3274 vel
394 3220 463 3289 quia
475 3220 520 3272 nil
532 3226 657 3281 rectum,
671 3220 730 3272 nisi
743 3221 822 3288 quod
835 3217 949 3286 placuit
961 3218 1027 3280 sibi,
1041 3218 1164 3276 ducunt,
1268 3279 1271 3283 ,

305 3356 355 3426 d).
402 3354 594 3412 Nullus-nisi.

203 3473 299 3532 Sorm.
318 3473 346 3542 1,
365 3475 394 3540 2,
413 3473 452 3529 30

333 3609 437 3656 eontra
449 3603 528 3657 alius
540 3605 657 3656 nullam
669 3604 727 3656 nisi
740 3602 835 3656 olenti
848 3603 879 3655 in
893 3603 1006 3654 fornice
1019 3607 1156 3654 stantem.

306 3746 353 3815 o).
397 3738 649 3816 Numquam-nisi.

202 3857 299 3932 Epod.
319 3858 349 3927 7,
370 3859 462 3914 11-12

336 3992 439 4057 Neque
452 3990 502 4042 hic
513 3989 595 4056 lupis
608 4005 672 4042 mos
684 4005 740 4040 nec
754 3990 811 4040 fuit
824 3987 960 4040 leonibus

370 4076 540 4141 Numquam
553 4073 611 4125 nisi
623 4073 655 4124 in
668 4072 771 4140 dispar
783 4071 863 4124 feris.

204 4209 302 4284 Epist.
321 4209 348 4278 1,
369 4211 418 4278 19,
436 4210 488 4267 ra

336 4341 452 4396 Ennius
464 4341 528 4409 ipse
541 4348 626 4408 pater
638 4357 801 4409 numquam
814 4340 873 4392 nisi
886 4347 975 4407 potus
988 4338 1025 4390 ad
1038 4355 1119 4391 arma

337 4425 479 4492 prosiluit
490 4425 626 4478 dicenda.
