3194 5250
692 422 730 478 57

223 639 251 694 2.
297 638 431 696 Protaaia
446 639 504 696 and
517 639 667 714 Apodosis
682 641 755 699 both
769 641 912 716 denoting
926 651 994 715 past
1008 640 1118 698 action.

160 740 200 795 Α.
225 736 277 794 Ni.

222 837 267 915 a).
313 838 407 895 Third
422 839 535 896 Person
552 837 704 915 Singular.

120 971 178 1031 Od.
195 972 252 1041 IV,
271 972 301 1041 6,
320 972 414 1028 13-24

250 1104 308 1155 Ille
321 1119 381 1155 non
392 1103 528 1157 inclusus
540 1121 617 1173 equo
629 1106 783 1160 Minervae

250 1189 338 1240 Sacra
350 1187 476 1239 mentito
488 1190 566 1241 male
580 1189 702 1242 feriatos

250 1271 340 1322 Troas
351 1277 383 1322 et
393 1272 502 1324 laetam
515 1273 625 1325 Priami
637 1273 755 1326 choreis

284 1355 414 1406 Falleret
425 1356 536 1417 aulam,

251 1454 309 1506 Sed
322 1455 420 1521 palam
432 1455 528 1522 captis
535 1457 645 1523 gravia,
659 1458 719 1509 hen
731 1458 815 1510 nefas
827 1458 902 1509 hen!

220 1526 225 1534 ’
251 1537 373 1591 Nescios
386 1538 442 1590 fari
454 1554 563 1606 pueros
574 1540 698 1593 Achivis

251 1623 355 1673 Ureret
366 1622 504 1683 flammis,
517 1623 607 1675 etiam
619 1625 763 1676 latentem

284 1704 388 1756 Matris
400 1705 432 1756 in
444 1706 523 1767 alvo,

251 1804 290 1855 Ni
301 1804 362 1856 tuis
374 1805 472 1858 victus
483 1806 668 1875 Venerisque
678 1813 781 1873 gratae

251 1888 380 1940 Vocibus
392 1889 494 1941 divom
506 1895 590 1956 pater
601 1889 757 1942 adnuisset

252 1971 353 2023 Rebus
364 1975 479 2024 Aeneae
492 1973 608 2040 potiore
619 1973 726 2025 ductos

284 2054 366 2107 Alite
378 2070 489 2107 muros.

116 2269 184 2347 40).
229 2269 376 2342 Apodosis
391 2269 421 2325 in
437 2270 486 2326 the
502 2267 672 2344 Pluperfect
687 2267 895 2346 Subjunctive.

162 2372 202 2428 Α.
222 2369 356 2429 Protasis
372 2369 546 2427 introduced
558 2371 597 2446 by
611 2369 647 2427 si.

222 2470 269 2548 a).
313 2470 408 2528 Third
424 2471 538 2528 Person
555 2469 709 2546 Singulae.

119 2623 217 2697 Epist.
234 2624 261 2692 1,
280 2623 311 2690 2,
325 2621 420 2679 24-26

249 2753 323 2805 quae
335 2737 361 2789 si
372 2753 441 2788 cum
454 2737 543 2789 sociis
555 2739 668 2790 stultns
680 2737 866 2805 cupidusque
879 2736 1012 2797 bibisset,

249 2821 304 2872 sub
316 2821 435 2873 domina
447 2821 601 2873 meretrice
611 2821 719 2873 fnisset
730 2821 830 2888 turpis
841 2827 871 2872 et
882 2836 997 2878 excors,

250 2904 375 2958 vixisset
387 2904 469 2957 canis
481 2904 655 2957 immundus
668 2905 715 2957 vel
728 2905 823 2957 amica
836 2906 901 2956 luto
913 2919 974 2955 sus.

160 3024 196 3080 B.
217 3021 295 3080 Nisi.

224 3122 271 3200 a).
316 3122 411 3180 Third
427 3123 539 3180 Person
556 3121 710 3198 Singular.

123 3289 218 3349 Serm.
234 3290 262 3360 1,
279 3291 310 3359 5,
329 3288 424 3346 78-80

867 3376 897 3421 et
908 3386 983 3437 qnos

252 3470 415 3506 numvnam
427 3469 608 3521 erepsemus
623 3454 681 3505 nisi
694 3471 748 3506 nos
762 3454 859 3507 vicina
876 3452 986 3505 Trivici

250 3537 324 3590 villa
335 3537 496 3605 recepisset
508 3537 666 3590 lacrimoso
678 3553 738 3590 non
752 3537 816 3589 sine
828 3538 921 3597 fumo,

120 3671 217 3731 Serm.
232 3673 260 3743 1,
279 3674 309 3744 9,
327 3674 435 3731 47-48.
479 3672 527 3732 cf.
552 3676 567 3742 ἓ
592 3675 644 3745 48,
663 3694 689 3731 c.
737 3676 752 3742 ἕ
777 3675 828 3744 53,
847 3675 876 3729 2.

509 3977 713 4047 indicative
735 3975 930 4059 Apodosis.

122 4163 192 4239 41).
237 4163 283 4220 To
298 4162 422 4220 Periods
437 4161 472 4220 of
489 4163 598 4220 Action
615 4160 870 4220 Non-Occurrent
891 4162 999 4235 belong
1014 4159 1077 4216 also
1099 4158 1147 4215 the
1169 4154 1322 4228 following

121 4282 206 4322 cases
221 4265 251 4321 in
275 4265 373 4323 which
388 4285 406 4322 a
429 4276 495 4340 past
517 4276 599 4323 banse
616 4263 652 4321 of
670 4265 719 4321 the
741 4264 909 4321 Indicative
931 4263 1032 4321 stands
1055 4261 1084 4318 in
1107 4259 1156 4318 the
1173 4256 1321 4331 Apodosis

122 4365 308 4439 expressing,
326 4366 428 4423 witha
443 4365 554 4423 certain
568 4364 729 4423 rhetorical
741 4364 903 4438 emphasis,
917 4365 965 4420 the
978 4362 1122 4436 certainty
1137 4357 1210 4415 with
1223 4356 1320 4413 which

708 4503 726 4555 8
