3194 5250
267 556 363 631 Epist.
381 556 408 625 1,
427 555 457 624 e,
475 555 568 611 28-29

397 670 430 723 Si
441 670 520 721 latus
531 675 584 721 aut
596 686 680 722 renes
693 671 794 722 morbo
805 677 989 739 temptantur
1000 679 1097 732 acuto,

398 768 504 820 quaere
517 754 618 819 fugam
630 753 735 805 morbi.

265 873 360 948 Epist.
380 873 408 940 Ι,
425 873 455 941 6,
474 870 568 928 29-31

758 954 811 1006 Vis
824 961 902 1007 recte
915 955 1012 1007 vivere
1026 955 1108 1023 (quis
1120 956 1231 1019 non?):

396 1036 421 1088 si
434 1037 529 1089 virtus
542 1039 599 1089 hoe
611 1052 670 1088 una
682 1043 780 1103 potest
793 1038 872 1100 dare,
887 1039 973 1090 fortis
985 1038 1103 1090 omissis

397 1122 454 1172 hoc
465 1137 518 1188 age
531 1120 658 1173 deliciis.

369 1241 398 1296 2.
442 1240 553 1296 Futura
569 1239 749 1313 Imperative
764 1240 793 1296 iu
809 1241 859 1297 the
882 1239 1041 1315 Apodosis.

307 1341 347 1396 A.
370 1339 503 1397 Protesis
519 1339 692 1396 introduced
708 1341 747 1415 by
762 1339 798 1396 si.

368 1441 413 1517 a).
460 1437 575 1498 Second
590 1441 701 1498 Persou
725 1440 876 1514 singular.

266 1574 362 1648 Epist.
380 1575 408 1643 Ι,
427 1575 457 1643 7,
475 1574 570 1630 69-70

697 1659 703 1682 ‘
713 1655 762 1708 Sic
773 1655 923 1723 ignovisse
936 1661 1041 1722 putato

397 1754 443 1789 me
455 1738 519 1799 tibi,
534 1737 559 1790 si
572 1753 658 1789 cenas
670 1738 759 1789 hodie
771 1743 908 1790 mecum.'

332 1858 429 1910 No'ru.
466 1853 529 1905 The
539 1854 833 1907 PresentIndicative
841 1856 933 1907 refers
942 1860 974 1906 to
981 1856 1034 1907 the
1044 1857 1142 1908 future
1154 1856 1183 1906 in
1193 1854 1285 1907 Serm.
1300 1855 1343 1916 II,
1351 1871 1380 1921 5,
1396 1871 1459 1920 103.

265 1938 360 2005 Epist.
374 1938 400 2000 I,
415 1953 495 2003 9,12.
531 1936 630 2003 Epist.
645 1937 671 1999 I,
685 1952 711 2002 7,
725 1952 767 2002 70.

269 2075 333 2151 14).
380 2072 529 2148 Apodosis
545 2073 574 2128 in
591 2074 639 2130 the
654 2073 780 2130 Present
795 2072 1000 2148 Subjuuctive.

306 2179 370 2235 The
386 2176 535 2251 Apodosis
551 2196 620 2253 may
635 2175 753 2233 coutaiu
769 2195 787 2232 a
803 2177 890 2245 wish‚
907 2197 925 2232 a
940 2177 1096 2233 command
1112 2196 1146 2233 or
1168 2197 1206 2233 an
1223 2177 1425 2245 exhortati0u‚
1445 2197 1463 2233 a

265 2278 380 2335 modest
401 2276 558 2344 assertion‚
572 2296 589 2333 a
604 2275 739 2350 question
763 2276 835 2332 with
857 2276 994 2351 negative
1017 2275 1107 2347 force,
1132 2288 1203 2347 ete,
1228 2277 1286 2334 and
1302 2278 1370 2334 thus
1387 2278 1464 2334 have

266 2378 302 2435 its
325 2377 441 2434 verbio
466 2377 514 2433 the
530 2374 724 2450 Subjunctive
747 2375 873 2433 without
894 2395 953 2453 any
968 2375 1054 2434 effect
1075 2396 1152 2450 upon
1176 2378 1224 2434 the
1247 2378 1334 2433 mood
1358 2376 1392 2433 of
1411 2377 1463 2434 the

266 2477 411 2536 Protesis.

265 2642 267 2649 Ι
371 2580 399 2633 1.
445 2574 585 2650 Optative
602 2573 797 2649 Subjuuetive
813 2576 841 2631 iu
859 2575 907 2633 the
924 2575 1084 2650 Apodosis.

309 2680 349 2735 A.
376 2675 508 2734 Protasis
526 2674 697 2732 introduced
714 2674 803 2752 byei.

371 2779 421 2850 a).
468 2775 547 2833 First
562 2776 674 2833 Persou
692 2774 844 2850 Singulas.

268 2894 364 2953 Setun.
380 2895 407 2963 1,
425 2894 455 2962 8,
474 2892 568 2949 37-39

400 3007 531 3060 Mentior
543 3013 574 3058 at
585 3006 693 3073 siquid,
708 3007 818 3059 merdis
831 3015 920 3075 eaput
931 3008 1070 3076 inquiner
1080 3009 1156 3062 albia

400 3105 556 3143 corvorum
568 3096 654 3156 atque
666 3091 698 3141 in
711 3106 757 3141 me
771 3090 871 3143 veniat
882 3091 1006 3143 mictum
1018 3098 1105 3159 atque
1118 3097 1250 3144 cacatum

400 3173 507 3234 Iulius,
520 3180 551 3225 et
563 3173 677 3239 fragilis
690 3172 822 3225 Pediatia
835 3174 940 3241 furque
951 3179 1096 3227 Vorenus.

270 3296 365 3350 Senu.
385 3293 412 3358 Ι,
430 3293 460 3357 9,
480 3291 575 3348 38-40

1106 3378 1278 3437 ‘Inteream‚
1294 3376 1320 3426 ai

400 3445 453 3491 aut
465 3441 550 3491 valeo
563 3445 639 3490 stare
651 3445 703 3491 aut
715 3439 784 3491 novi
797 3439 897 3491 civilia
909 3440 988 3492 iura:

400 3529 431 3574 et
441 3538 567 3589 propero
579 3538 637 3588 quo
649 3522 726 3573 scis)

373 3643 423 3712 b).
470 3640 563 3697 Third
580 3641 692 3697 Persou
709 3639 861 3714 Singular.

270 3757 327 3817 Od.
348 3758 408 3822 ΙΙΙ,
430 3761 477 3820 lit,
500 3756 549 3812 l·8

403 3876 512 3934 Faune,
527 3874 734 3941 Nympharum
747 3875 915 3941 fugientum
927 3882 1049 3937 amator,

402 3960 457 4008 Per
469 3973 547 4008 meos
560 3957 628 4008 finis
640 3963 671 4008 et
681 3957 781 4023 aprica
793 3974 860 4009 rura

403 4040 491 4096 Lenis
503 4039 622 4091 incedas
635 4040 778 4107 abeasque
791 4041 890 4107 parvis

436 4126 552 4189 Aequos
565 4122 704 4184 alumnis,

402 4206 433 4258 Si
446 4212 529 4257 tener
542 4207 632 4272 pleno
645 4205 725 4257 cadit
737 4205 849 4257 haedus
861 4221 949 4267 anno,

402 4293 495 4355 Larga
508 4304 561 4340 nec
573 4288 682 4340 desunt
692 4289 816 4341 Veneris
829 4289 925 4340 sodali

403 4371 478 4423 Vina
491 4377 628 4432 craterae,
643 4378 728 4423 vetus
740 4389 789 4423 ara
801 4373 898 4423 multo

437 4458 542 4505 Fumat
554 4454 651 4506 odore.
