3194 5250
778 437 817 495 75

425 621 476 674 vl.
511 620 616 673 Futuro
634 620 747 673 Meet
764 620 919 673 Indicative
934 621 962 672 in
979 621 1170 674 ffiePrcmsis.

197 809 271 881 72).
319 807 432 865 Futura
447 804 615 862 indicative
631 804 660 859 in
677 803 726 861 the
743 803 905 878 Apodoais.

304 908 355 980 a).
401 905 496 964 Third
511 906 639 963 Person.

200 1076 258 1136 Od.
278 1077 306 1147 1,
325 1077 374 1146 12,
393 1076 487 1133 53-57

334 1208 392 1260 Ille
404 1224 457 1260 seu
470 1208 595 1259 Parthos
608 1203 697 1261 Latio
708 1203 895 1257 imminentis

333 1291 438 1359 Egerit
448 1291 528 1343 iusto
540 1288 674 1342 domitos
685 1287 852 1355 triumpho,

335 1375 404 1428 Sive
416 1373 565 1427 subiectos
577 1372 712 1428 Orientis
725 1387 792 1425 orae

368 1459 454 1511 Seras
462 1463 494 1510 et
505 1456 607 1517 Indos,

333 1541 374 1594 Te
387 1540 485 1592 minor
496 1540 593 1592 latum
606 1546 690 1608 reget
701 1554 810 1606 aequos
822 1538 941 1600 orbem;

204 1697 299 1756 Serm.
318 1695 362 1765 11,
382 1696 411 1764 2,
429 1694 525 1751 86-88

601 1807 657 1861 tibi
669 1806 811 1874 quidnam
823 1807 943 1859 accedet
955 1806 992 1858 ad
1004 1806 1102 1868 istam,

334 1909 422 1962 quam
435 1908 509 1960 puer
520 1897 551 1943 et
563 1890 681 1944 validus
695 1890 870 1958 praesumis,
884 1889 1057 1951 mollitiem,
1072 1905 1124 1941 seu

334 1977 408 2029 dura
420 1974 562 2030 valetudo
572 1973 716 2026 inciderit
728 1989 780 2025 seu
793 1972 878 2025 tarda
890 1974 1049 2025 senectus?

204 2216 273 2289 73).
320 2211 470 2287 Apodosis
487 2209 674 2284 represented
689 2210 729 2285 by
744 2228 762 2265 a
779 2209 891 2265 Futura
914 2208 1087 2282 Participle.

286 2316 337 2387 a).
383 2311 499 2372 Second
515 2312 641 2368 Persou.

204 2482 261 2542 Od.
280 2483 326 2548 ΙΙ,
344 2481 374 2551 3,
391 2481 445 2537 4-8

672 2575 816 2627 moriture
829 2574 919 2637 Delli,

337 2714 397 2766 Seu
408 2716 538 2764 maestus
550 2709 632 2762 omni
647 2715 782 2776 tempore
792 2708 918 2770 vixeris,

335 2799 394 2851 Seu
405 2801 435 2848 te
447 2795 479 2847 in
492 2800 606 2847 remoto
617 2793 753 2861 gramine
767 2808 820 2860 per
832 2791 897 2843 dies

368 2882 473 2932 Festos
485 2879 664 2930 reclinatum
676 2876 773 2928 bearis

404 2962 549 3016 Interiore
560 2967 632 3013 nota
643 2959 772 3012 Falerni.

509 3286 513 3293 .
584 3244 651 3297 vn.
688 3243 873 3307 Peripitrastic
892 3243 1020 3295 Prema.

203 3439 274 3511 74).
322 3435 444 3491 Prseant
460 3428 630 3488 indicative
646 3427 676 3484 iu
692 3428 741 3485 the
759 3427 918 3501 Apodosis.

308 3534 359 3609 a).
401 3531 496 3591 Third
511 3530 635 3588 Person.

204 3687 262 3747 Od.
276 3687 306 3749 Ι,
324 3686 376 3754 22,
395 3684 446 3739 l·8

339 3819 458 3882 Integer
469 3813 548 3866 vitae
561 3810 742 3877 scelerisque
754 3824 847 3876 purus

339 3902 407 3952 Non
418 3902 486 3965 eget
498 3894 612 3948 Mauris
623 3893 730 3945 iaculis
743 3909 838 3960 neque
850 3908 921 3944 arcu

339 3985 401 4035 Nec
412 3978 566 4034 venenatis
578 3976 705 4045 gravida
716 3976 843 4043 sagittis,

373 4065 476 4125 Fusce,
490 4064 639 4131 pharetra,

339 4197 408 4252 Sive
421 4213 473 4265 per
484 4194 583 4262 Syrtis
595 4194 654 4247 iter
665 4199 826 4253 aestuosas,

339 4282 409 4337 Sive
420 4282 553 4333 facturus
566 4294 619 4345 per
629 4275 844 4342 inhospitalem

341 4366 504 4418 Caucasum
518 4363 566 4414 vel
579 4376 653 4429 quae
665 4361 731 4411 loca
743 4359 898 4411 fabulosus

374 4446 493 4505 Lambit
504 4445 672 4512 Hydaspes.
