3194 5250
199 585 295 643 Serm.
310 587 354 655 ΙΙ,
372 588 404 655 4,
422 587 439 642 6

330 717 443 782 Quodsi
455 717 642 768 interciderit
653 717 707 768 tibi
725 733 804 768 nunc
816 717 940 784 aliquid,
955 725 1070 786 repetes
1083 737 1163 780 mox,

238 839 350 896 Futura
366 838 437 895 time
452 837 610 894 conceived
626 856 659 894 as
676 847 804 911 present.

199 989 294 1048 Serm.
314 989 358 1057 II,
375 990 406 1057 4,
427 989 520 1045 1749

329 1121 361 1174 Si
373 1120 561 1186 vespertinus
574 1120 673 1171 subito
682 1126 712 1172 te
724 1121 906 1186 oppresserit
918 1123 1037 1189 hospes,

328 1221 365 1256 ne
377 1204 491 1271 gallina
504 1204 617 1254 malum
630 1210 785 1269 responset
796 1204 871 1256 dura
880 1209 1006 1272 pelato,

328 1288 435 1339 doctus
446 1287 505 1339 eris
517 1288 616 1340 vivam
630 1287 724 1338 mixto
738 1303 865 1340 mersare
878 1290 1021 1341 Falerno:

240 1407 355 1464 doctrin:
378 1406 535 1482 adjective,
553 1416 605 1463 not
618 1406 785 1480 participle.

199 1559 294 1618 Serm.
313 1560 358 1625 II,
376 1560 407 1627 5,
425 1558 520 1614 81-83

328 1691 377 1744 Sic
389 1690 444 1742 tibi
457 1690 605 1755 Penelope
620 1688 698 1756 frugi
710 1695 770 1740 est:
791 1706 865 1756 quac
878 1691 903 1742 si
915 1693 1007 1743 semel
1020 1709 1081 1744 uno

329 1775 365 1826 de
378 1790 447 1825 sene
460 1772 588 1840 gustarit
600 1779 699 1824 tecum
712 1773 821 1839 partita
839 1775 994 1837 lucellum,

330 1864 364 1909 ut
375 1857 456 1909 canis
468 1874 485 1908 a
497 1856 577 1908 corio
590 1871 753 1923 numquam
764 1857 977 1910 absterrebitur
995 1866 1095 1911 uncto.

197 1995 294 2070 apta.
310 1994 336 2061 1,
356 1993 405 2057 16,
424 1992 521 2049 33-34

329 2127 388 2191 Qui
399 2124 483 2176 dedit
494 2127 551 2175 hoc
563 2124 663 2185 hodie,
677 2140 750 2185 cras,
765 2125 791 2176 si
803 2127 893 2187 volet,
907 2129 1030 2188 auferet,
1046 2135 1081 2180 ut
1094 2128 1119 2180 si

327 2208 472 2261 detulerit
483 2209 576 2259 fasces
588 2207 722 2273 indigno,
736 2208 874 2261 detrahet
885 2209 975 2262 idem.

197 2346 238 2404 Α.
256 2348 292 2405 Ρ.
311 2345 445 2402 299-301

330 2478 525 2530 Nanciscetur
536 2476 616 2527 enim
629 2476 759 2542 pretium
771 2493 938 2544 nomenque
950 2485 1064 2545 poetae,

329 2561 354 2613 si
366 2560 462 2613 tribus
474 2559 625 2626 Anticyris
637 2565 727 2626 caput
738 2561 903 2613 insanabile
914 2578 1077 2629 numquam

327 2643 442 2697 tonsori
455 2643 558 2699 Licino
571 2643 762 2695 commiserit.

197 2786 238 2841 Α.
256 2783 291 2840 P.
306 2780 442 2838 ‹itt-469

330 2916 392 2965 Nec
403 2913 497 2964 semel
508 2913 564 2962 hoc
578 2912 657 2973 iecit,
672 2928 735 2973 nec,
749 2912 775 2963 si
785 2919 929 2965 retractus
942 2915 1000 2966 erit
1010 2915 1080 2976 iam,

327 2998 379 3049 fiet
390 2997 481 3047 homo
492 3001 523 3047 et
534 3001 626 3061 ponet
639 2996 766 3047 famosae
780 2997 884 3048 mortis
896 3013 1038 3050 amorem.

240 3118 276 3175 B.
304 3113 342 3174 Si
355 3135 423 3173 non.

301 3216 352 3290 a).
398 3214 512 3274 Second
528 3216 640 3273 Person
657 3213 808 3288 singular.

199 3368 295 3443 lipist.
314 3367 340 3432 1,
362 3368 410 3434 17,
429 3367 524 3423 31-32

660 3466 804 3518 morietur
817 3466 935 3534 frigore,
950 3467 1047 3519 sinon

330 3549 482 3601 rettuleris
496 3565 636 3616 pannum.

305 3688 332 3741 l.
376 3685 441 3742 ‘rte
457 3685 569 3742 Futura
586 3685 638 3742 has
654 3685 830 3759 imperative
848 3683 940 3742 force.

241 3786 281 3842 Α.
306 3784 439 3842 Protesis
455 3784 627 3842 introduced
639 3786 677 3861 by
692 3784 727 3841 ai.

302 3891 351 3958 a).
399 3885 478 3942 First
493 3886 604 3942 Person
622 3883 775 3960 Singular.

201 4036 296 4094 Serm.
316 4036 343 4103 1,
360 4037 391 4102 4,
411 4036 547 4093 lot-105

864 4135 998 4192 Liberius
1011 4137 1036 4187 si

332 4217 436 4269 dixero
449 4217 530 4284 quid,
545 4217 570 4269 si
583 4220 658 4270 forte
671 4218 809 4280 iocosius,
823 4222 881 4270 hoc
894 4219 969 4270 mihi
981 4219 1057 4270 iuris

333 4316 401 4352 cum
413 4300 500 4352 venia
511 4301 610 4353 dabis:

304 4439 354 4511 b).
400 4437 494 4495 Third
511 4438 621 4495 Person
639 4438 790 4513 Singulnr.
