<?xml version="1.0" encoding="UTF-8"?>
<!DOCTYPE html PUBLIC "-//W3C//DTD XHTML 1.0 Transitional//EN"
    "http://www.w3.org/TR/xhtml1/DTD/xhtml1-transitional.dtd">
<html xmlns="http://www.w3.org/1999/xhtml" xml:lang="en" lang="en">
 <head>
  <title>
</title>
<meta http-equiv="Content-Type" content="text/html;charset=utf-8" />
  <meta name='ocr-system' content='tesseract 3.04.00' />
  <meta name='ocr-capabilities' content='ocr_page ocr_carea ocr_par ocr_line ocrx_word'/>
</head>
<body>
  <div class='ocr_page' id='page_1' title='image "./conditionalperi00eldegoog_0058.png"; bbox 0 0 3194 5250; ppageno 0'>
   <div class='ocr_carea' id='block_1_1' title="bbox 290 585 1163 891">
    <p class='ocr_par' dir='ltr' id='par_1_1' title="bbox 290 585 1163 891">
     <span class='ocr_line' id='line_1_1' title="bbox 290 585 654 659; baseline -0.003 -18"><span class='ocrx_word' id='word_1_1' title='bbox 290 585 387 659; x_wconf 85' lang='lat' dir='ltr'><strong>Epist.</strong></span> <span class='ocrx_word' id='word_1_2' title='bbox 406 585 450 652; x_wconf 92' lang='grc' dir='ltr'><strong>ΙΙ,</strong></span> <span class='ocrx_word' id='word_1_3' title='bbox 471 588 499 654; x_wconf 94' lang='grc'><strong>1,</strong></span> <span class='ocrx_word' id='word_1_4' title='bbox 518 585 654 641; x_wconf 67' lang='lat' dir='ltr'><strong>tri-244</strong></span> 
     </span>
     <span class='ocr_line' id='line_1_2' title="bbox 1049 665 1163 729; baseline 0 -13"><span class='ocrx_word' id='word_1_5' title='bbox 1049 665 1163 729; x_wconf 78' lang='lat' dir='ltr'>Quodsi</span> 
     </span>
     <span class='ocr_line' id='line_1_3' title="bbox 420 747 1058 800; baseline -0.002 -1"><span class='ocrx_word' id='word_1_6' title='bbox 420 748 565 800; x_wconf 87' lang='lat' dir='ltr'><strong>iudicium</strong></span> <span class='ocrx_word' id='word_1_7' title='bbox 578 747 689 800; x_wconf 84' lang='lat' dir='ltr'>subtile</span> <span class='ocrx_word' id='word_1_8' title='bbox 699 747 836 799; x_wconf 88' lang='lat' dir='ltr'><strong>videndis</strong></span> <span class='ocrx_word' id='word_1_9' title='bbox 848 748 962 800; x_wconf 85' lang='lat' dir='ltr'><strong>artibus</strong></span> <span class='ocrx_word' id='word_1_10' title='bbox 979 747 1058 798; x_wconf 88' lang='lat' dir='ltr'><strong>illud</strong></span> 
     </span>
     <span class='ocr_line' id='line_1_4' title="bbox 421 831 1141 891; baseline -0.001 -8"><span class='ocrx_word' id='word_1_11' title='bbox 421 833 458 884; x_wconf 90' lang='lat' dir='ltr'><strong>ad</strong></span> <span class='ocrx_word' id='word_1_12' title='bbox 471 831 564 883; x_wconf 82' lang='lat' dir='ltr'><strong>libros</strong></span> <span class='ocrx_word' id='word_1_13' title='bbox 577 839 607 883; x_wconf 90' lang='lat' dir='ltr'><strong>et</strong></span> <span class='ocrx_word' id='word_1_14' title='bbox 619 832 656 883; x_wconf 86' lang='lat' dir='ltr'><strong>ad</strong></span> <span class='ocrx_word' id='word_1_15' title='bbox 669 834 742 883; x_wconf 86' lang='lat' dir='ltr'><strong>haec</strong></span> <span class='ocrx_word' id='word_1_16' title='bbox 755 836 908 883; x_wconf 86' lang='lat' dir='ltr'>Musarum</span> <span class='ocrx_word' id='word_1_17' title='bbox 920 831 999 882; x_wconf 84' lang='lat' dir='ltr'><strong>dona</strong></span> <span class='ocrx_word' id='word_1_18' title='bbox 1011 847 1141 891; x_wconf 84' lang='lat' dir='ltr'><strong>vocares,</strong></span> 
     </span>
    </p>
   </div>
   <div class='ocr_carea' id='block_1_2' title="bbox 421 915 1054 967">
    <p class='ocr_par' dir='ltr' id='par_1_2' title="bbox 421 915 1054 967">
     <span class='ocr_line' id='line_1_5' title="bbox 421 915 1054 967; baseline -0.003 0"><span class='ocrx_word' id='word_1_19' title='bbox 421 919 563 967; x_wconf 85' lang='lat' dir='ltr'><strong>Boeotum</strong></span> <span class='ocrx_word' id='word_1_20' title='bbox 575 915 607 966; x_wconf 88' lang='lat' dir='ltr'><strong>in</strong></span> <span class='ocrx_word' id='word_1_21' title='bbox 620 931 719 967; x_wconf 86' lang='lat' dir='ltr'><strong>crasso</strong></span> <span class='ocrx_word' id='word_1_22' title='bbox 732 915 844 966; x_wconf 82' lang='lat' dir='ltr'><strong>iurares</strong></span> <span class='ocrx_word' id='word_1_23' title='bbox 857 931 922 966; x_wconf 85' lang='lat' dir='ltr'><strong>aere</strong></span> <span class='ocrx_word' id='word_1_24' title='bbox 941 920 1054 966; x_wconf 84' lang='lat' dir='ltr'><strong>natum.</strong></span> 
     </span>
    </p>
   </div>
   <div class='ocr_carea' id='block_1_3' title="bbox 393 1049 880 1125">
    <p class='ocr_par' dir='ltr' id='par_1_3' title="bbox 393 1049 880 1125">
     <span class='ocr_line' id='line_1_6' title="bbox 393 1049 880 1125; baseline -0.002 -17"><span class='ocrx_word' id='word_1_25' title='bbox 393 1053 443 1125; x_wconf 91' lang='lat' dir='ltr'><strong>b).</strong></span> <span class='ocrx_word' id='word_1_26' title='bbox 490 1051 584 1110; x_wconf 85' lang='lat' dir='ltr'><strong>Third</strong></span> <span class='ocrx_word' id='word_1_27' title='bbox 601 1053 712 1109; x_wconf 79' lang='lat' dir='ltr'><strong>Person</strong></span> <span class='ocrx_word' id='word_1_28' title='bbox 730 1049 880 1125; x_wconf 87' lang='lat' dir='ltr'><strong>Singular.</strong></span> 
     </span>
    </p>
   </div>
   <div class='ocr_carea' id='block_1_4' title="bbox 292 1200 592 1271">
    <p class='ocr_par' dir='ltr' id='par_1_4' title="bbox 292 1200 592 1271">
     <span class='ocr_line' id='line_1_7' title="bbox 292 1200 592 1271; baseline -0.003 -12"><span class='ocrx_word' id='word_1_29' title='bbox 292 1200 387 1259; x_wconf 74' lang='lat' dir='ltr'><strong>Serui.</strong></span> <span class='ocrx_word' id='word_1_30' title='bbox 403 1202 430 1271; x_wconf 85' lang='grc' dir='ltr'><strong>Ι,</strong></span> <span class='ocrx_word' id='word_1_31' title='bbox 449 1202 480 1271; x_wconf 72' lang='grc'><strong>2,</strong></span> <span class='ocrx_word' id='word_1_32' title='bbox 499 1202 592 1258; x_wconf 76' lang='lat'><strong>68-72</strong></span> 
     </span>
    </p>
   </div>
   <div class='ocr_carea' id='block_1_5' title="bbox 422 1315 1321 1716">
    <p class='ocr_par' dir='ltr' id='par_1_5' title="bbox 424 1315 1117 1368">
     <span class='ocr_line' id='line_1_8' title="bbox 424 1315 1117 1368; baseline 0 -2"><span class='ocrx_word' id='word_1_33' title='bbox 424 1316 503 1367; x_wconf 89' lang='lat' dir='ltr'>Huic</span> <span class='ocrx_word' id='word_1_34' title='bbox 515 1316 540 1366; x_wconf 81' lang='lat' dir='ltr'><strong>si</strong></span> <span class='ocrx_word' id='word_1_35' title='bbox 554 1315 700 1367; x_wconf 86' lang='lat' dir='ltr'><strong>muttonis</strong></span> <span class='ocrx_word' id='word_1_36' title='bbox 713 1315 810 1368; x_wconf 88' lang='lat' dir='ltr'><strong>verbis</strong></span> <span class='ocrx_word' id='word_1_37' title='bbox 820 1316 898 1367; x_wconf 89' lang='lat' dir='ltr'><strong>mala</strong></span> <span class='ocrx_word' id='word_1_38' title='bbox 907 1321 989 1366; x_wconf 85' lang='lat' dir='ltr'><strong>tanta</strong></span> <span class='ocrx_word' id='word_1_39' title='bbox 1002 1315 1117 1368; x_wconf 90' lang='lat' dir='ltr'><strong>videnti</strong></span> 
     </span>
    </p>

    <p class='ocr_par' dir='ltr' id='par_1_6' title="bbox 422 1398 1321 1633">
     <span class='ocr_line' id='line_1_9' title="bbox 424 1398 1321 1466; baseline 0 -16"><span class='ocrx_word' id='word_1_40' title='bbox 424 1399 536 1450; x_wconf 90' lang='lat' dir='ltr'><strong>diceret</strong></span> <span class='ocrx_word' id='word_1_41' title='bbox 549 1401 621 1450; x_wconf 88' lang='lat' dir='ltr'><strong>haec</strong></span> <span class='ocrx_word' id='word_1_42' title='bbox 638 1399 770 1450; x_wconf 78' lang='lat' dir='ltr'><strong>animus:</strong></span> <span class='ocrx_word' id='word_1_43' title='bbox 792 1398 873 1466; x_wconf 88' lang='lat' dir='ltr'><strong>‘quid</strong></span> <span class='ocrx_word' id='word_1_44' title='bbox 886 1398 931 1451; x_wconf 85' lang='lat' dir='ltr'><strong>vis</strong></span> <span class='ocrx_word' id='word_1_45' title='bbox 943 1398 1018 1450; x_wconf 87' lang='lat' dir='ltr'><strong>tibi?</strong></span> <span class='ocrx_word' id='word_1_46' title='bbox 1036 1398 1182 1465; x_wconf 90' lang='lat' dir='ltr'><strong>numquid</strong></span> <span class='ocrx_word' id='word_1_47' title='bbox 1195 1414 1250 1464; x_wconf 86' lang='lat' dir='ltr'><strong>ego</strong></span> <span class='ocrx_word' id='word_1_48' title='bbox 1262 1416 1279 1450; x_wconf 84' lang='lat' dir='ltr'><strong>a</strong></span> <span class='ocrx_word' id='word_1_49' title='bbox 1291 1404 1321 1450; x_wconf 90' lang='lat' dir='ltr'><strong>te</strong></span> 
     </span>
     <span class='ocr_line' id='line_1_10' title="bbox 423 1483 1144 1549; baseline 0 -16"><span class='ocrx_word' id='word_1_50' title='bbox 423 1498 530 1549; x_wconf 87' lang='lat' dir='ltr'><strong>magno</strong></span> <span class='ocrx_word' id='word_1_51' title='bbox 543 1488 723 1549; x_wconf 88' lang='lat' dir='ltr'><strong>prognatum</strong></span> <span class='ocrx_word' id='word_1_52' title='bbox 735 1483 864 1549; x_wconf 83' lang='lat' dir='ltr'>deposco</span> <span class='ocrx_word' id='word_1_53' title='bbox 877 1483 999 1534; x_wconf 86' lang='lat' dir='ltr'><strong>consule</strong></span> <span class='ocrx_word' id='word_1_54' title='bbox 1012 1497 1144 1534; x_wconf 89' lang='lat' dir='ltr'><strong>cunnum</strong></span> 
     </span>
     <span class='ocr_line' id='line_1_11' title="bbox 422 1566 1143 1633; baseline -0.001 -16"><span class='ocrx_word' id='word_1_55' title='bbox 422 1569 612 1633; x_wconf 83' lang='lat' dir='ltr'><strong>velatumque</strong></span> <span class='ocrx_word' id='word_1_56' title='bbox 625 1567 712 1628; x_wconf 84' lang='lat' dir='ltr'><strong>stola,</strong></span> <span class='ocrx_word' id='word_1_57' title='bbox 727 1581 791 1618; x_wconf 82' lang='lat' dir='ltr'><strong>mea</strong></span> <span class='ocrx_word' id='word_1_58' title='bbox 803 1581 871 1617; x_wconf 94' lang='lat' dir='ltr'><strong>cum</strong></span> <span class='ocrx_word' id='word_1_59' title='bbox 883 1566 1051 1618; x_wconf 78' lang='lat' dir='ltr'><strong>conferbuit</strong></span> <span class='ocrx_word' id='word_1_60' title='bbox 1065 1566 1143 1617; x_wconf 73' lang='lat' dir='ltr'><strong>irai’</strong></span> 
     </span>
    </p>

    <p class='ocr_par' dir='ltr' id='par_1_7' title="bbox 423 1650 726 1716">
     <span class='ocr_line' id='line_1_12' title="bbox 423 1650 726 1716; baseline 0 -16"><span class='ocrx_word' id='word_1_61' title='bbox 423 1650 501 1715; x_wconf 80' lang='lat' dir='ltr'><strong>Quid</strong></span> <span class='ocrx_word' id='word_1_62' title='bbox 515 1650 726 1716; x_wconf 84' lang='lat' dir='ltr'><strong>responderet?</strong></span> 
     </span>
    </p>
   </div>
   <div class='ocr_carea' id='block_1_6' title="bbox 293 1784 1198 2017">
    <p class='ocr_par' dir='ltr' id='par_1_8' title="bbox 293 1784 1198 2017">
     <span class='ocr_line' id='line_1_13' title="bbox 293 1784 555 1855; baseline -0.004 -12"><span class='ocrx_word' id='word_1_63' title='bbox 293 1784 390 1843; x_wconf 88' lang='lat' dir='ltr'><strong>Serm.</strong></span> <span class='ocrx_word' id='word_1_64' title='bbox 408 1785 436 1852; x_wconf 92' lang='grc' dir='ltr'><strong>Ι,</strong></span> <span class='ocrx_word' id='word_1_65' title='bbox 455 1787 485 1855; x_wconf 83' lang='grc'><strong>3,</strong></span> <span class='ocrx_word' id='word_1_66' title='bbox 502 1786 555 1842; x_wconf 85' lang='grc'><strong>4-6</strong></span> 
     </span>
     <span class='ocr_line' id='line_1_14' title="bbox 731 1866 1156 1934; baseline -0.002 -16"><span class='ocrx_word' id='word_1_67' title='bbox 731 1869 845 1928; x_wconf 86' lang='lat' dir='ltr'><strong>Caesar,</strong></span> <span class='ocrx_word' id='word_1_68' title='bbox 860 1866 911 1934; x_wconf 91' lang='lat' dir='ltr'><strong>qui</strong></span> <span class='ocrx_word' id='word_1_69' title='bbox 924 1882 1027 1933; x_wconf 89' lang='lat' dir='ltr'><strong>cogere</strong></span> <span class='ocrx_word' id='word_1_70' title='bbox 1046 1871 1156 1932; x_wconf 84' lang='lat' dir='ltr'><strong>posset,</strong></span> 
     </span>
     <span class='ocr_line' id='line_1_15' title="bbox 422 1949 1198 2017; baseline -0.001 -16"><span class='ocrx_word' id='word_1_71' title='bbox 422 1949 447 2002; x_wconf 76' lang='lat' dir='ltr'><strong>si</strong></span> <span class='ocrx_word' id='word_1_72' title='bbox 460 1956 574 2016; x_wconf 88' lang='lat' dir='ltr'><strong>peteret</strong></span> <span class='ocrx_word' id='word_1_73' title='bbox 587 1966 639 2017; x_wconf 90' lang='lat' dir='ltr'><strong>per</strong></span> <span class='ocrx_word' id='word_1_74' title='bbox 650 1949 812 2002; x_wconf 84' lang='lat' dir='ltr'><strong>amicitiam</strong></span> <span class='ocrx_word' id='word_1_75' title='bbox 824 1949 918 2016; x_wconf 88' lang='lat' dir='ltr'><strong>patris</strong></span> <span class='ocrx_word' id='word_1_76' title='bbox 931 1957 1018 2014; x_wconf 86' lang='lat' dir='ltr'><strong>atque</strong></span> <span class='ocrx_word' id='word_1_77' title='bbox 1031 1966 1124 2010; x_wconf 85' lang='lat' dir='ltr'><strong>suam,</strong></span> <span class='ocrx_word' id='word_1_78' title='bbox 1139 1964 1198 2000; x_wconf 92' lang='lat' dir='ltr'><strong>non</strong></span> 
     </span>
    </p>
   </div>
   <div class='ocr_carea' id='block_1_7' title="bbox 423 2035 763 2102">
    <p class='ocr_par' dir='ltr' id='par_1_9' title="bbox 423 2035 763 2102">
     <span class='ocr_line' id='line_1_16' title="bbox 423 2035 763 2102; baseline 0.003 -17"><span class='ocrx_word' id='word_1_79' title='bbox 423 2035 580 2102; x_wconf 87' lang='lat' dir='ltr'><strong>quicquam</strong></span> <span class='ocrx_word' id='word_1_80' title='bbox 593 2036 763 2101; x_wconf 88' lang='lat' dir='ltr'><strong>proficeret;</strong></span> 
     </span>
    </p>
   </div>
   <div class='ocr_carea' id='block_1_8' title="bbox 294 2168 884 2490">
    <p class='ocr_par' dir='ltr' id='par_1_10' title="bbox 294 2168 884 2490">
     <span class='ocr_line' id='line_1_17' title="bbox 334 2168 474 2227; baseline -0.014 0"><span class='ocrx_word' id='word_1_81' title='bbox 334 2171 371 2227; x_wconf 88' lang='lat' dir='ltr'><strong>B.</strong></span> <span class='ocrx_word' id='word_1_82' title='bbox 396 2168 474 2226; x_wconf 72' lang='lat' dir='ltr'><strong>Nisi.</strong></span> 
     </span>
     <span class='ocr_line' id='line_1_18' title="bbox 396 2270 884 2344; baseline 0.002 -18"><span class='ocrx_word' id='word_1_83' title='bbox 396 2270 447 2343; x_wconf 84' lang='lat' dir='ltr'><strong>a).</strong></span> <span class='ocrx_word' id='word_1_84' title='bbox 492 2270 586 2327; x_wconf 87' lang='lat' dir='ltr'><strong>Third</strong></span> <span class='ocrx_word' id='word_1_85' title='bbox 602 2271 715 2328; x_wconf 82' lang='lat' dir='ltr'><strong>Person</strong></span> <span class='ocrx_word' id='word_1_86' title='bbox 732 2270 884 2344; x_wconf 84' lang='lat' dir='ltr'><strong>Singular.</strong></span> 
     </span>
     <span class='ocr_line' id='line_1_19' title="bbox 294 2420 669 2490; baseline -0.005 -11"><span class='ocrx_word' id='word_1_87' title='bbox 294 2420 390 2479; x_wconf 73' lang='lat' dir='ltr'><strong>Serui.</strong></span> <span class='ocrx_word' id='word_1_88' title='bbox 408 2421 454 2487; x_wconf 89' lang='grc' dir='ltr'><strong>ΙΙ,</strong></span> <span class='ocrx_word' id='word_1_89' title='bbox 472 2421 503 2490; x_wconf 86' lang='grc'><strong>3,</strong></span> <span class='ocrx_word' id='word_1_90' title='bbox 521 2422 669 2477; x_wconf 72' lang='lat'><strong>285-286.</strong></span> 
     </span>
    </p>
   </div>
   <div class='ocr_carea' id='block_1_9' title="bbox 419 2501 1185 2651">
    <p class='ocr_par' dir='ltr' id='par_1_11' title="bbox 419 2501 1185 2651">
     <span class='ocr_line' id='line_1_20' title="bbox 799 2501 1185 2568; baseline -0.005 -14"><span class='ocrx_word' id='word_1_91' title='bbox 799 2509 938 2563; x_wconf 90' lang='lat' dir='ltr'><strong>mentem,</strong></span> <span class='ocrx_word' id='word_1_92' title='bbox 954 2501 1012 2553; x_wconf 88' lang='lat' dir='ltr'><strong>nisi</strong></span> <span class='ocrx_word' id='word_1_93' title='bbox 1025 2502 1185 2568; x_wconf 78' lang='lat' dir='ltr'><strong>litigiosus,</strong></span> 
     </span>
     <span class='ocr_line' id='line_1_21' title="bbox 419 2585 972 2651; baseline 0.002 -15"><span class='ocrx_word' id='word_1_94' title='bbox 419 2585 570 2651; x_wconf 86' lang='lat' dir='ltr'><strong>exciperet</strong></span> <span class='ocrx_word' id='word_1_95' title='bbox 579 2585 728 2647; x_wconf 86' lang='lat' dir='ltr'><strong>dominus,</strong></span> <span class='ocrx_word' id='word_1_96' title='bbox 743 2602 810 2637; x_wconf 91' lang='lat' dir='ltr'><strong>cum</strong></span> <span class='ocrx_word' id='word_1_97' title='bbox 823 2586 972 2639; x_wconf 87' lang='lat' dir='ltr'><strong>venderet.</strong></span> 
     </span>
    </p>
   </div>
   <div class='ocr_carea' id='block_1_10' title="bbox 334 2719 723 2790">
    <p class='ocr_par' dir='ltr' id='par_1_12' title="bbox 334 2719 723 2790">
     <span class='ocr_line' id='line_1_22' title="bbox 334 2719 723 2790; baseline 0 -12"><span class='ocrx_word' id='word_1_98' title='bbox 334 2719 383 2778; x_wconf 85' lang='lat' dir='ltr'><strong>Cf.</strong></span> <span class='ocrx_word' id='word_1_99' title='bbox 410 2719 503 2778; x_wconf 70' lang='lat' dir='ltr'><strong>Serto.</strong></span> <span class='ocrx_word' id='word_1_100' title='bbox 520 2719 547 2790; x_wconf 91' lang='grc' dir='ltr'><strong>Ι,</strong></span> <span class='ocrx_word' id='word_1_101' title='bbox 567 2720 597 2788; x_wconf 88' lang='grc'><strong>6,</strong></span> <span class='ocrx_word' id='word_1_102' title='bbox 621 2719 723 2778; x_wconf 83' lang='grc'><strong><em>85-87</em></strong></span> 
     </span>
    </p>
   </div>
   <div class='ocr_carea' id='block_1_11' title="bbox 293 2917 1490 2995">
    <p class='ocr_par' dir='ltr' id='par_1_13' title="bbox 293 2917 1490 2995">
     <span class='ocr_line' id='line_1_23' title="bbox 293 2917 1490 2995; baseline 0 -19"><span class='ocrx_word' id='word_1_103' title='bbox 293 2919 364 2993; x_wconf 86' lang='grc'><strong>36).</strong></span> <span class='ocrx_word' id='word_1_104' title='bbox 410 2919 543 2976; x_wconf 81' lang='lat' dir='ltr'><strong>Protasis</strong></span> <span class='ocrx_word' id='word_1_105' title='bbox 559 2918 587 2974; x_wconf 93' lang='lat' dir='ltr'><strong>in</strong></span> <span class='ocrx_word' id='word_1_106' title='bbox 605 2919 653 2976; x_wconf 88' lang='lat' dir='ltr'><strong>the</strong></span> <span class='ocrx_word' id='word_1_107' title='bbox 678 2917 846 2993; x_wconf 88' lang='lat' dir='ltr'><strong>Plupersect</strong></span> <span class='ocrx_word' id='word_1_108' title='bbox 868 2917 1074 2995; x_wconf 84' lang='lat' dir='ltr'><strong>Subjunctive,</strong></span> <span class='ocrx_word' id='word_1_109' title='bbox 1090 2918 1241 2993; x_wconf 81' lang='lat' dir='ltr'><strong>Apodoeis</strong></span> <span class='ocrx_word' id='word_1_110' title='bbox 1257 2917 1286 2975; x_wconf 88' lang='lat' dir='ltr'><strong>in</strong></span> <span class='ocrx_word' id='word_1_111' title='bbox 1303 2918 1352 2976; x_wconf 88' lang='lat' dir='ltr'><strong>the</strong></span> <span class='ocrx_word' id='word_1_112' title='bbox 1374 2919 1490 2994; x_wconf 87' lang='lat' dir='ltr'><strong>Imper-</strong></span> 
     </span>
    </p>
   </div>
   <div class='ocr_carea' id='block_1_12' title="bbox 293 3017 880 3295">
    <p class='ocr_par' dir='ltr' id='par_1_14' title="bbox 293 3017 880 3295">
     <span class='ocr_line' id='line_1_24' title="bbox 293 3017 360 3077; baseline 0.03 -3"><span class='ocrx_word' id='word_1_113' title='bbox 293 3017 360 3077; x_wconf 86' lang='lat' dir='ltr'><strong>fect.</strong></span> 
     </span>
     <span class='ocr_line' id='line_1_25' title="bbox 333 3118 820 3194; baseline 0 -18"><span class='ocrx_word' id='word_1_114' title='bbox 333 3120 374 3176; x_wconf 79' lang='lat' dir='ltr'><strong>A.</strong></span> <span class='ocrx_word' id='word_1_115' title='bbox 395 3120 529 3177; x_wconf 75' lang='lat' dir='ltr'><strong>Protesis</strong></span> <span class='ocrx_word' id='word_1_116' title='bbox 545 3118 716 3176; x_wconf 84' lang='lat' dir='ltr'><strong>introduced</strong></span> <span class='ocrx_word' id='word_1_117' title='bbox 731 3121 770 3194; x_wconf 93' lang='lat' dir='ltr'><strong>by</strong></span> <span class='ocrx_word' id='word_1_118' title='bbox 785 3118 820 3176; x_wconf 81' lang='lat' dir='ltr'><strong>si.</strong></span> 
     </span>
     <span class='ocr_line' id='line_1_26' title="bbox 397 3219 880 3295; baseline -0.002 -19"><span class='ocrx_word' id='word_1_119' title='bbox 397 3223 447 3294; x_wconf 84' lang='lat' dir='ltr'><strong>a).</strong></span> <span class='ocrx_word' id='word_1_120' title='bbox 489 3220 584 3278; x_wconf 80' lang='lat' dir='ltr'><strong>Third</strong></span> <span class='ocrx_word' id='word_1_121' title='bbox 600 3221 711 3277; x_wconf 80' lang='lat' dir='ltr'><strong>Person</strong></span> <span class='ocrx_word' id='word_1_122' title='bbox 730 3219 880 3295; x_wconf 86' lang='lat' dir='ltr'><strong>Singular.</strong></span> 
     </span>
    </p>
   </div>
   <div class='ocr_carea' id='block_1_13' title="bbox 295 3368 1122 3602">
    <p class='ocr_par' dir='ltr' id='par_1_15' title="bbox 295 3368 1122 3602">
     <span class='ocr_line' id='line_1_27' title="bbox 295 3368 556 3440; baseline -0.004 -12"><span class='ocrx_word' id='word_1_123' title='bbox 295 3368 392 3429; x_wconf 85' lang='lat' dir='ltr'><strong>Serm.</strong></span> <span class='ocrx_word' id='word_1_124' title='bbox 410 3371 437 3440; x_wconf 82' lang='grc' dir='ltr'><strong>Ι,</strong></span> <span class='ocrx_word' id='word_1_125' title='bbox 456 3371 485 3439; x_wconf 87' lang='grc'><strong>3,</strong></span> <span class='ocrx_word' id='word_1_126' title='bbox 505 3371 556 3427; x_wconf 85' lang='grc'><strong>6·7</strong></span> 
     </span>
     <span class='ocr_line' id='line_1_28' title="bbox 772 3450 1122 3511; baseline 0 -8"><span class='ocrx_word' id='word_1_127' title='bbox 772 3451 797 3503; x_wconf 85' lang='lat' dir='ltr'><strong>si</strong></span> <span class='ocrx_word' id='word_1_128' title='bbox 809 3450 1004 3511; x_wconf 83' lang='lat' dir='ltr'><strong>collibuisset,</strong></span> <span class='ocrx_word' id='word_1_129' title='bbox 1018 3452 1054 3503; x_wconf 87' lang='lat' dir='ltr'><strong>ab</strong></span> <span class='ocrx_word' id='word_1_130' title='bbox 1066 3467 1122 3503; x_wconf 90' lang='lat' dir='ltr'><strong>ovo</strong></span> 
     </span>
     <span class='ocr_line' id='line_1_29' title="bbox 426 3534 985 3602; baseline 0 -16"><span class='ocrx_word' id='word_1_131' title='bbox 426 3551 519 3602; x_wconf 84' lang='lat' dir='ltr'><strong>usque</strong></span> <span class='ocrx_word' id='word_1_132' title='bbox 530 3535 567 3586; x_wconf 85' lang='lat' dir='ltr'><strong>ad</strong></span> <span class='ocrx_word' id='word_1_133' title='bbox 580 3535 657 3586; x_wconf 85' lang='lat' dir='ltr'><strong>mala</strong></span> <span class='ocrx_word' id='word_1_134' title='bbox 670 3534 774 3587; x_wconf 86' lang='lat' dir='ltr'><strong>citaret</strong></span> <span class='ocrx_word' id='word_1_135' title='bbox 787 3535 834 3587; x_wconf 90' lang='lat' dir='ltr'><strong>‘io</strong></span> <span class='ocrx_word' id='word_1_136' title='bbox 847 3537 985 3586; x_wconf 85' lang='lat' dir='ltr'><strong>Bacchae’</strong></span> 
     </span>
    </p>
   </div>
   <div class='ocr_carea' id='block_1_14' title="bbox 338 3650 1488 3732">
    <p class='ocr_par' dir='ltr' id='par_1_16' title="bbox 338 3650 1488 3732">
     <span class='ocr_line' id='line_1_30' title="bbox 338 3650 1488 3732; baseline 0.001 -22"><span class='ocrx_word' id='word_1_137' title='bbox 338 3650 536 3710; x_wconf 78' lang='lat' dir='ltr'><strong>Collibuisset:</strong></span> <span class='ocrx_word' id='word_1_138' title='bbox 559 3654 608 3711; x_wconf 87' lang='lat' dir='ltr'><strong>the</strong></span> <span class='ocrx_word' id='word_1_139' title='bbox 624 3653 793 3728; x_wconf 83' lang='lat' dir='ltr'><strong>Pluperfect</strong></span> <span class='ocrx_word' id='word_1_140' title='bbox 815 3654 840 3711; x_wconf 90' lang='lat' dir='ltr'><strong>is</strong></span> <span class='ocrx_word' id='word_1_141' title='bbox 856 3654 911 3710; x_wconf 88' lang='lat' dir='ltr'><strong>duc</strong></span> <span class='ocrx_word' id='word_1_142' title='bbox 928 3663 957 3711; x_wconf 93' lang='lat' dir='ltr'><strong>to</strong></span> <span class='ocrx_word' id='word_1_143' title='bbox 973 3653 1021 3711; x_wconf 89' lang='lat' dir='ltr'><strong>the</strong></span> <span class='ocrx_word' id='word_1_144' title='bbox 1045 3652 1104 3711; x_wconf 83' lang='lat' dir='ltr'><strong>fuet</strong></span> <span class='ocrx_word' id='word_1_145' title='bbox 1126 3654 1190 3712; x_wconf 77' lang='lat' dir='ltr'><strong>that</strong></span> <span class='ocrx_word' id='word_1_146' title='bbox 1205 3654 1255 3711; x_wconf 88' lang='lat' dir='ltr'><strong>the</strong></span> <span class='ocrx_word' id='word_1_147' title='bbox 1276 3654 1404 3712; x_wconf 83' lang='lat' dir='ltr'><strong>Preeent</strong></span> <span class='ocrx_word' id='word_1_148' title='bbox 1416 3653 1488 3732; x_wconf 82' lang='lat' dir='ltr'>Sys·</span> 
     </span>
    </p>
   </div>
   <div class='ocr_carea' id='block_1_15' title="bbox 288 3753 1492 4497">
    <p class='ocr_par' dir='ltr' id='par_1_17' title="bbox 291 3753 1492 4314">
     <span class='ocr_line' id='line_1_31' title="bbox 291 3753 824 3812; baseline 0.002 -1"><span class='ocrx_word' id='word_1_149' title='bbox 291 3764 349 3811; x_wconf 85' lang='lat' dir='ltr'><strong>tem</strong></span> <span class='ocrx_word' id='word_1_150' title='bbox 365 3753 401 3811; x_wconf 89' lang='lat' dir='ltr'><strong>os</strong></span> <span class='ocrx_word' id='word_1_151' title='bbox 411 3754 469 3812; x_wconf 87' lang='lat' dir='ltr'><strong>this</strong></span> <span class='ocrx_word' id='word_1_152' title='bbox 486 3756 558 3811; x_wconf 86' lang='lat' dir='ltr'><strong>verb</strong></span> <span class='ocrx_word' id='word_1_153' title='bbox 575 3772 636 3811; x_wconf 85' lang='lat' dir='ltr'><strong>was</strong></span> <span class='ocrx_word' id='word_1_154' title='bbox 652 3764 703 3812; x_wconf 91' lang='lat' dir='ltr'><strong>not</strong></span> <span class='ocrx_word' id='word_1_155' title='bbox 719 3754 746 3810; x_wconf 90' lang='lat' dir='ltr'><strong>iu</strong></span> <span class='ocrx_word' id='word_1_156' title='bbox 764 3773 824 3812; x_wconf 87' lang='lat' dir='ltr'><strong>use.</strong></span> 
     </span>
     <span class='ocr_line' id='line_1_32' title="bbox 292 3851 592 3924; baseline -0.007 -12"><span class='ocrx_word' id='word_1_157' title='bbox 292 3851 388 3912; x_wconf 88' lang='lat' dir='ltr'><strong>Serm.</strong></span> <span class='ocrx_word' id='word_1_158' title='bbox 402 3855 430 3924; x_wconf 88' lang='lat'><strong>1,</strong></span> <span class='ocrx_word' id='word_1_159' title='bbox 449 3855 479 3924; x_wconf 88' lang='grc'><strong>6,</strong></span> <span class='ocrx_word' id='word_1_160' title='bbox 497 3855 592 3912; x_wconf 78' lang='lat'>78-80</span> 
     </span>
     <span class='ocr_line' id='line_1_33' title="bbox 744 3953 1208 4020; baseline -0.002 -15"><span class='ocrx_word' id='word_1_161' title='bbox 744 3956 864 4005; x_wconf 81' lang='lat' dir='ltr'><strong>Vestem</strong></span> <span class='ocrx_word' id='word_1_162' title='bbox 878 3968 1035 4020; x_wconf 79' lang='lat' dir='ltr'><strong>servosque</strong></span> <span class='ocrx_word' id='word_1_163' title='bbox 1047 3953 1208 4019; x_wconf 83' lang='lat' dir='ltr'><strong>sequentis,</strong></span> 
     </span>
     <span class='ocr_line' id='line_1_34' title="bbox 422 4036 1081 4104; baseline 0 -16"><span class='ocrx_word' id='word_1_164' title='bbox 422 4037 453 4089; x_wconf 94' lang='lat' dir='ltr'><strong>in</strong></span> <span class='ocrx_word' id='word_1_165' title='bbox 464 4052 571 4103; x_wconf 88' lang='lat' dir='ltr'><strong>magno</strong></span> <span class='ocrx_word' id='word_1_166' title='bbox 583 4042 617 4087; x_wconf 92' lang='lat' dir='ltr'><strong>ut</strong></span> <span class='ocrx_word' id='word_1_167' title='bbox 629 4037 751 4102; x_wconf 89' lang='lat' dir='ltr'><strong>populo,</strong></span> <span class='ocrx_word' id='word_1_168' title='bbox 766 4036 845 4104; x_wconf 89' lang='lat' dir='ltr'><strong>siqui</strong></span> <span class='ocrx_word' id='word_1_169' title='bbox 857 4036 988 4096; x_wconf 86' lang='lat' dir='ltr'><strong>vidisset,</strong></span> <span class='ocrx_word' id='word_1_170' title='bbox 1003 4037 1081 4088; x_wconf 85' lang='lat' dir='ltr'><strong>avita</strong></span> 
     </span>
     <span class='ocr_line' id='line_1_35' title="bbox 422 4119 1123 4187; baseline 0.001 -16"><span class='ocrx_word' id='word_1_171' title='bbox 422 4137 460 4171; x_wconf 89' lang='lat' dir='ltr'><strong>ex</strong></span> <span class='ocrx_word' id='word_1_172' title='bbox 473 4136 502 4172; x_wconf 87' lang='lat' dir='ltr'><strong>re</strong></span> <span class='ocrx_word' id='word_1_173' title='bbox 516 4119 650 4187; x_wconf 81' lang='lat' dir='ltr'><strong>praeberi</strong></span> <span class='ocrx_word' id='word_1_174' title='bbox 662 4125 799 4185; x_wconf 86' lang='lat' dir='ltr'><strong>sumptus</strong></span> <span class='ocrx_word' id='word_1_175' title='bbox 812 4119 887 4170; x_wconf 92' lang='lat' dir='ltr'><strong>mihi</strong></span> <span class='ocrx_word' id='word_1_176' title='bbox 899 4120 1032 4171; x_wconf 88' lang='lat' dir='ltr'><strong>crederet</strong></span> <span class='ocrx_word' id='word_1_177' title='bbox 1043 4119 1123 4172; x_wconf 83' lang='lat' dir='ltr'><strong>illos.</strong></span> 
     </span>
     <span class='ocr_line' id='line_1_36' title="bbox 339 4236 1492 4314; baseline 0.002 -20"><span class='ocrx_word' id='word_1_178' title='bbox 339 4236 473 4298; x_wconf 78' lang='lat' dir='ltr'><strong>Vidisset:</strong></span> <span class='ocrx_word' id='word_1_179' title='bbox 497 4237 667 4313; x_wconf 84' lang='lat' dir='ltr'><strong>Pluperfect</strong></span> <span class='ocrx_word' id='word_1_180' title='bbox 688 4240 813 4296; x_wconf 85' lang='lat' dir='ltr'><strong>because</strong></span> <span class='ocrx_word' id='word_1_181' title='bbox 829 4239 878 4296; x_wconf 87' lang='lat' dir='ltr'><strong>the</strong></span> <span class='ocrx_word' id='word_1_182' title='bbox 900 4239 998 4296; x_wconf 83' lang='lat' dir='ltr'><strong>action</strong></span> <span class='ocrx_word' id='word_1_183' title='bbox 1014 4237 1048 4296; x_wconf 87' lang='lat' dir='ltr'><strong>of</strong></span> <span class='ocrx_word' id='word_1_184' title='bbox 1066 4238 1167 4314; x_wconf 84' lang='lat' dir='ltr'><strong>seeiug</strong></span> <span class='ocrx_word' id='word_1_185' title='bbox 1182 4239 1206 4296; x_wconf 87' lang='lat' dir='ltr'><strong>is</strong></span> <span class='ocrx_word' id='word_1_186' title='bbox 1228 4238 1309 4314; x_wconf 88' lang='lat' dir='ltr'><strong>prior</strong></span> <span class='ocrx_word' id='word_1_187' title='bbox 1324 4249 1354 4298; x_wconf 92' lang='lat' dir='ltr'><strong>to</strong></span> <span class='ocrx_word' id='word_1_188' title='bbox 1377 4239 1442 4298; x_wconf 86' lang='lat' dir='ltr'><strong>that</strong></span> <span class='ocrx_word' id='word_1_189' title='bbox 1456 4238 1492 4296; x_wconf 76' lang='lat' dir='ltr'><strong>of</strong></span> 
     </span>
    </p>

    <p class='ocr_par' dir='ltr' id='par_1_18' title="bbox 288 4337 1485 4497">
     <span class='ocr_line' id='line_1_37' title="bbox 288 4337 1485 4416; baseline 0.002 -22"><span class='ocrx_word' id='word_1_190' title='bbox 288 4337 448 4412; x_wconf 81' lang='lat' dir='ltr'><strong>beliering.</strong></span> <span class='ocrx_word' id='word_1_191' title='bbox 493 4339 662 4413; x_wconf 83' lang='lat' dir='ltr'><strong>Expressed</strong></span> <span class='ocrx_word' id='word_1_192' title='bbox 685 4358 718 4396; x_wconf 84' lang='lat' dir='ltr'><strong>as</strong></span> <span class='ocrx_word' id='word_1_193' title='bbox 741 4359 758 4395; x_wconf 86' lang='lat' dir='ltr'>a</span> <span class='ocrx_word' id='word_1_194' title='bbox 781 4338 878 4396; x_wconf 81' lang='lat' dir='ltr'><strong>future</strong></span> <span class='ocrx_word' id='word_1_195' title='bbox 901 4339 1086 4416; x_wconf 85' lang='lat' dir='ltr'><strong>subjunctive</strong></span> <span class='ocrx_word' id='word_1_196' title='bbox 1109 4339 1257 4398; x_wconf 86' lang='lat' dir='ltr'><strong>condition</strong></span> <span class='ocrx_word' id='word_1_197' title='bbox 1280 4339 1304 4397; x_wconf 91' lang='lat' dir='ltr'><strong>it</strong></span> <span class='ocrx_word' id='word_1_198' title='bbox 1328 4340 1427 4398; x_wconf 82' lang='lat' dir='ltr'><strong>would</strong></span> <span class='ocrx_word' id='word_1_199' title='bbox 1449 4340 1485 4396; x_wconf 87' lang='lat' dir='ltr'><strong>be</strong></span> 
     </span>
     <span class='ocr_line' id='line_1_38' title="bbox 288 4436 555 4497; baseline 0.011 -4"><span class='ocrx_word' id='word_1_200' title='bbox 288 4436 314 4494; x_wconf 79' lang='lat' dir='ltr'><strong>si</strong></span> <span class='ocrx_word' id='word_1_201' title='bbox 327 4436 555 4497; x_wconf 78' lang='lat' dir='ltr'><strong>viderit-credat.</strong></span> 
     </span>
    </p>
   </div>
   <div class='ocr_carea' id='block_1_16' title="bbox 0 0 1602 5250">
    <p class='ocr_par' dir='ltr' id='par_1_19' title="bbox 0 0 1602 5250">
     <span class='ocr_line' id='line_1_39' title="bbox 0 0 1602 5250; baseline 0 7"><span class='ocrx_word' id='word_1_202' title='bbox 0 0 1602 5250; x_wconf 95' lang='lat' dir='ltr'><strong> </strong></span> 
     </span>
    </p>
   </div>
  </div>
 </body>
</html>
