3194 5250
709 420 747 477 99

236 607 265 663 7.
312 604 507 680 Subjunctive
522 603 598 662 after
612 603 712 661 miror.
764 602 828 682 (Cf.
853 605 867 671 ξ
895 604 986 679 119).

173 709 213 764 Α.
239 705 373 764 Protasis
389 704 562 762 introduced
578 706 618 780 by
632 704 669 761 st'.

236 808 285 880 a).
331 805 426 863 Third
441 806 553 863 Persou
571 803 724 880 Singulur.

134 907 230 966 Serm.
249 907 277 976 Ι,
296 909 324 975 1,
342 906 437 962 itt-87

266 1020 393 1082 Miraris,
408 1035 476 1071 cum
487 1025 521 1072 tu
533 1025 656 1087 argento
668 1025 737 1086 post
748 1020 849 1072 omnia
861 1035 963 1086 ponas,

263 1104 388 1156 sinemo
401 1108 531 1170 praestet
543 1119 631 1171 quem
644 1119 703 1155 non
717 1103 857 1155 merearis
872 1105 1022 1154 amorem?

426 1289 464 1340 ll.
501 1288 619 1340 Ρτοίωῖι
636 1289 664 1339 in
681 1287 730 1340 the
749 1288 861 1340 Perieet
879 1288 1042 1340 tndtcsuvo.

134 1461 204 1531 15).
252 1456 399 1531 Apodosis
416 1455 444 1511 in
461 1456 511 1513 the
527 1457 652 1513 Present
666 1454 847 1512 Indicative.

177 1555 213 1615 Si
229 1557 300 1614 with
317 1554 500 1614 Perf.·Pres.
519 1554 544 1612 is
559 1553 594 1611 of
605 1554 741 1629 frequent
757 1573 944 1612 occurrence.
987 1555 1057 1612 Itis
1073 1575 1090 1611 a
1107 1553 1232 1613 favorite
1250 1576 1331 1613 conr·

133 1658 265 1715 binatiun
281 1656 353 1714 with
369 1655 525 1713 Lucretius
541 1655 608 1711 who
624 1654 758 1731 employs
774 1654 797 1712 it
813 1655 852 1711 20
869 1654 966 1712 times.

177 1759 214 1815 A.
237 1756 371 1815 Protunis
387 1755 560 1812 introduced
577 1753 666 1832 byei.

240 1859 289 1928 e).
335 1856 418 1912 First
432 1856 543 1913 Person
562 1855 715 1929 Singular.

138 1958 236 2017 Serru.
253 1959 281 2026 Ι,
297 1960 328 2027 4,
347 1959 443 2016 91-93

398 2091 453 2142 ego
465 2075 491 2126 si
503 2073 565 2134 risi,
579 2074 657 2140 quod
671 2073 793 2140 ineptus

268 2157 406 2225 pastillos
420 2158 552 2209 Rufillus
563 2158 633 2218 olet,
648 2156 817 2224 Gorgonius
829 2157 956 2217 hircum,

268 2240 379 2293 lividus
392 2247 422 2293 et
433 2241 557 2293 mordax
570 2239 671 2293 videor
684 2239 757 2292 tibi?

137 2358 234 2417 Serm.
253 2360 297 2428 H,
316 2360 346 2429 6,
365 2360 439 2416 6-13

269 2474 301 2527 Si
313 2490 408 2542 neque
421 2473 563 2525 maiorem
576 2473 633 2525 feci
646 2473 760 2525 ratione
774 2474 852 2525 mala
867 2488 938 2533 rem,

267 2573 321 2609 nec
334 2574 400 2610 sum
413 2559 545 2609 facturus
558 2556 632 2610 vitio
644 2558 769 2624 culpave
782 2544 940 2618 minorem;

272 2761 634 2775 .........
672 2725 728 2775 hac
739 2739 826 2790 prece
838 2729 868 2776 te
881 2739 941 2775 oro:

136 2842 234 2916 Epist.
254 2843 281 2911 l,
301 2845 329 2912 1,
348 2843 441 2898 94-95

268 2956 300 3009 Si
312 2962 432 3008 curatus
444 2957 594 3024 inaequali
606 2964 727 3009 tonsore
740 2957 867 3024 capillos

269 3040 393 3102 occurri,
414 3040 507 3104 rides;

103 3212 104 3218 ,
138 3159 234 3233 Epist.
253 3159 280 3228 Ι,
300 3160 350 3226 19,
367 3160 463 3216 41-44

635 3240 762 3308 ‘Spissis
774 3240 898 3308 indigna
910 3241 1035 3293 theatris

271 3323 381 3390 scripta
393 3324 486 3391 pudet
499 3323 621 3376 recitare
633 3330 663 3375 et
675 3323 763 3387 nugis
775 3324 884 3376 addere
896 3325 1030 3391 pondus'

270 3407 296 3459 si
307 3407 381 3469 dixi,
397 3408 492 3459 ‘rides
503 3412 509 3435 '
524 3406 566 3459 ait
580 3410 625 3459 ‘et
638 3406 717 3459 Iovis
729 3407 850 3459 auribus
862 3408 919 3459 ista

270 3506 383 3544 servas:

242 3607 292 3680 b).
339 3607 453 3667 Second
470 3610 581 3666 Person
598 3608 740 3683 Singular

141 3722 237 3782 Serm.
256 3725 301 3794 ΙΙ,
320 3727 352 3794 7,-
368 3726 462 3782 29-32

617 3825 649 3877 Si
661 3840 807 3892 nusquam
819 3840 850 3875 es
863 3825 938 3876 forte
951 3831 1073 3877 vocatus

271 3906 308 3957 ad
321 3921 433 3967 cenam,
447 3906 550 3958 laudas
563 3923 699 3958 securum
712 3907 800 3957 holus
812 3922 854 3966 ac,
870 3908 952 3959 velut
965 3924 1089 3975 usquam

272 3988 389 4041 vinctus
401 4005 460 4050 eas,
474 3989 515 4041 ita
528 3996 557 4042 te
571 3992 690 4042 felicem
703 3990 778 4042 dicis
790 4006 928 4056 amasque

271 4073 350 4140 quod
362 4088 508 4140 nusquam
520 4074 575 4125 tibi
588 4074 628 4126 sit
639 4072 811 4140 potandum.

244 4194 291 4264 c).
337 4192 432 4249 Third
447 4192 559 4249 Person
577 4192 729 4266 Singulur.

139 4305 198 4366 Od.
217 4308 245 4375 Ι,
264 4310 292 4376 1,
311 4309 384 4365 9-10

273 4424 375 4484 Illum,
390 4423 415 4474 si
428 4424 549 4491 proprio
561 4425 696 4475 condidit
708 4426 814 4476 horreo

275 4506 423 4574 Quicquid
435 4508 472 4559 de
485 4508 604 4575 Libycis
617 4508 747 4561 verritur
758 4510 843 4560 areis.
