3194 5250
302 596 343 670 f).
391 593 549 652 Nolo-uisi.

198 746 293 804 Saum.
313 747 340 809 Ι,
359 748 388 815 2,
407 745 500 802 28-29

628 862 705 913 Sunt
716 861 768 928 qui
784 862 884 914 nolint
894 862 1029 929 tetigisse
1042 861 1101 914 nisi
1114 863 1193 923 illas,

330 960 454 1011 quarum
467 944 590 997 subsuta
602 944 679 995 talos
690 950 773 1010 tegat
784 944 888 997 instita
901 951 999 998 veste:

238 1081 274 1138 B.
295 1079 360 1137 The
375 1079 513 1154 negativa
526 1078 652 1137 follows.

301 1214 350 1285 a).
397 1212 548 1269 Noai-ooo.

196 1366 292 1421 Suum.
312 1364 355 1444 IL
379 1370 405 1430 1,
427 1364 519 1420 18-20

659 1477 719 1530 nisi
731 1479 838 1530 dextro
849 1485 994 1546 tempore,
1009 1480 1108 1531 Flacci

328 1563 416 1617 verba
429 1578 481 1630 per
492 1567 637 1614 attentam
649 1577 709 1613 non
721 1561 809 1614 ibunt
821 1562 953 1615 Caesaris
964 1579 1075 1624 aurem,

300 1700 351 1771 b).
398 1690 528 1754 Not-ne}
615 1674 620 1680 ’

196 1849 293 1907 Sorm.
309 1849 354 1919 11,
372 1851 403 1918 2,
423 1849 516 1905 15-16

660 1945 719 1998 nisi
730 1946 886 2013 Hymettia
898 1948 990 1998 mella
1002 1947 1129 1998 Falerno

328 2047 365 2082 ne
377 2030 487 2082 biberis
499 2029 605 2082 diluta.

196 2166 291 2224 Seum.
310 2165 356 2230 ΙΙ,
372 2167 403 2235 4,
422 2165 461 2222 87

329 2401 404 2453 quae
416 2383 475 2436 nisi
487 2382 632 2436 divitibus
644 2388 798 2451 nequeunt
809 2383 982 2450 contingere
995 2383 1139 2435 mensis?'

196 2622 267 2695 56).
311 2622 341 2677 2.
365 2620 450 2679 With
466 2619 649 2694 implicatiou
665 2618 700 2677 of
711 2619 860 2693 negativo.

176 2734 294 2829 'serm
312 2771 357 2841 11,
376 2772 407 2842 2,
425 2771 464 2828 aa

328 2919 362 2955 ac
374 2901 432 2955 nisi
443 2907 591 2954 mutatum
604 2900 700 2968 parcit
711 2901 875 2953 defundere
888 2900 1003 2963 vinum,

197 3039 294 3098 Serm.
312 3039 358 3108 ΙΙ,
376 3039 405 3106 5,
425 3037 477 3096 7·8

1058 3135 1141 3203 atqui

328 3226 359 3273 et
369 3234 465 3288 genus
476 3224 508 3271 et
520 3218 624 3281 virtus,
639 3217 699 3270 nisi
710 3233 778 3270 cum
790 3233 832 3280 re,
847 3217 937 3272 vilior
948 3218 1016 3285 alga
1028 3225 1082 3271 est.

196 3374 293 3447 Epist.
312 3326 359 3442 HJ
377 3328 407 3440 1,⁴
427 3371 519 3429 18-22

326 3504 384 3557 Sed
396 3510 467 3556 tuus
480 3503 530 3554 hic
542 3502 683 3570 populus,
697 3501 816 3568 sapiens
828 3507 859 3554 et
869 3502 967 3554 iustus
981 3503 1012 3554 in
1025 3518 1085 3555 uno

327 3594 356 3640 te
370 3587 481 3640 nostris
494 3586 629 3648 ducibus,
642 3591 673 3638 te
686 3585 773 3638 Grais
791 3585 994 3647 anteferendo,

329 3678 426 3723 cetera
438 3686 623 3738 nequaquam
637 3668 731 3721 simili
743 3667 858 3721 ratione
870 3669 1019 3738 modoque

328 3754 467 3806 aestimat
479 3759 518 3815 et,
532 3752 592 3805 nisi
604 3769 679 3821 quae
691 3751 780 3804 terris
793 3757 907 3804 semota
919 3751 1040 3819 suisque

328 3837 514 3904 temporibus
526 3837 668 3889 defuncta
680 3835 771 3897 videt,
786 3834 904 3887 fastidit
916 3842 945 3887 et
955 3836 1028 3898 odit,

197 4039 265 4110 57).
312 4039 341 4096 3.
368 4037 511 4112 Question
528 4038 601 4096 with
617 4039 754 4113 negative
769 4037 861 4096 force.

197 4189 292 4248 Serm.
311 4189 357 4255 11,
376 4192 404 4257 1,
423 4189 518 4245 52-53

331 4325 427 4374 Dente
441 4323 542 4388 lupus,
557 4337 650 4375 cornu
662 4328 766 4375 taurus
779 4321 870 4390 petit:
892 4321 981 4385 unde,
995 4321 1054 4374 nisi
1066 4320 1150 4374 intus

330 4405 548 4456 monstratum?
