3194 5250
197 609 296 684 Epist.
316 609 345 679 1,
363 609 392 677 2,
411 609 428 663 s

333 742 392 793 Cur
403 740 446 792 ita
458 737 644 800 crediderim,
665 737 723 790 nisi
735 737 807 806 quid
820 743 849 790 te
861 736 994 798 distinet,
1008 737 1088 789 audi.

198 896 295 971 Epist.
314 895 342 966 1,
357 895 387 963 s,
406 893 500 950 ross

664 1011 786 1058 Butram
798 1005 854 1058 tibi
866 1005 1089 1074 Septiciumque

329 1099 360 1144 et
371 1092 430 1144 nisi
440 1107 512 1143 cena
524 1091 606 1158 prior
617 1090 773 1159 potiorque
793 1091 896 1156 puella
907 1089 1050 1143 Sabinum

331 1176 448 1228 detinet
458 1174 613 1226 adsumam
622 1190 628 1236 ;

200 1442 287 1519 114).
333 1438 386 1516 2).
432 1438 551 1498 Perfeci
564 1437 743 1496 Indicativo.

240 1559 281 1616 Α.
330 1555 377 1615 Si.

303 1677 353 1749 a).
398 1673 494 1731 Third
508 1674 621 1731 Person
638 1670 789 1746 Singular.

199 1858 256 1919 od.
275 1859 339 1926 ΠΙ,
358 1858 407 1928 14,
428 1857 522 1914 17-20

331 1993 355 2051 1,
370 1995 437 2056 pete
450 1994 647 2056 unguentum,
662 2004 746 2055 puer,
760 1993 791 2039 et
803 2004 936 2049 coronas,

331 2075 371 2129 Et
382 2073 489 2125 cadum
503 2071 595 2125 Marsi
608 2087 770 2124 memorem
783 2071 890 2133 duelli,

331 2159 506 2224 Spartacum
519 2156 603 2224 siqua
615 2155 715 2222 potuit
726 2161 884 2222 vagantem

366 2241 482 2292 Fallere
495 2245 580 2292 testa.

204 2395 298 2470 Epod.
314 2396 344 2463 5,
362 2394 415 2450 5-7

334 2528 390 2578 Per
402 2525 511 2576 liberos
523 2529 563 2585 te,
577 2523 603 2576 si
616 2530 717 2576 vocata
730 2523 874 2590 partubus

369 2608 482 2665 Lucina
495 2608 572 2660 veris
584 2607 691 2668 adfuit,

334 2695 389 2745 Per
401 2694 459 2744 hoc
470 2691 557 2744 inane
570 2706 719 2758 purpurae
731 2689 822 2742 decus
835 2706 949 2757 precor,

202 2980 293 3055 115).
340 2978 387 3056 3).
433 2975 551 3035 Perfeci
566 2973 598 3033 oi
611 2995 629 3032 a
643 2974 820 3033 Proteritive
835 2975 927 3033 Verb.

243 3099 283 3154 A.
333 3094 381 3152 Si.

304 3212 354 3286 a).
401 3211 482 3269 First
496 3212 608 3269 Person
626 3208 778 3284 Singular.

201 3381 298 3443 Serm.
316 3382 345 3442 1.
362 3382 393 3452 9,
408 3381 503 3437 22-23

334 3514 370 3565 ‘si
381 3514 455 3565 benc
468 3527 515 3562 me
528 3511 608 3571 novi,
623 3526 683 3561 non
694 3509 819 3562 Viscum
831 3509 928 3577 pluris
940 3510 1078 3572 amicum,

331 3612 390 3649 non
401 3595 525 3648 Varium
539 3594 628 3646 iacies
640 3609 646 3644 :

201 3750 298 3811 Serm.
316 3750 362 3816 11,
379 3749 509 3819 &ro-22

333 3883 485 3935 ‘Summus
497 3895 561 3946 ego,
575 3885 605 3930 et
617 3893 710 3944 prope
723 3894 770 3929 me
781 3877 889 3929 Viscus
901 3876 1055 3930 Thurinus
1067 3883 1097 3930 et
1109 3878 1198 3942 inira,

333 3965 358 4018 si
371 3963 504 4025 memini,
514 3962 631 4024 Varius,
646 3978 713 4014 cum
727 3961 854 4015 Servilio
868 3961 1026 4014 Balatrone

331 4047 480 4107 Vibidius,
495 4062 569 4115 quos
582 4051 737 4097 Maecenas
749 4043 914 4097 adduxerat
926 4045 1055 4097 umbras.

201 4203 297 4279 Epist.
315 4202 344 4273 1,
363 4202 413 4269 18,
433 4202 484 4257 1-2

284 4400 287 4407 Ι
334 4334 367 4388 Si
378 4333 453 4386 bene
465 4337 495 4383 te
507 4332 585 4391 novi,
600 4336 724 4392 metues,
739 4329 891 4381 liberrime
910 4329 999 4391 Lolli,

334 4415 496 4469 scurrantis
508 4413 638 4482 speciem
651 4414 798 4481 praebere,
814 4414 966 4479 professus
978 4413 1116 4466 amicum.
