3194 5250
154 560 250 619 Scrm.
267 561 312 626 ΙΙ,
330 562 360 624 5,
382 560 441 617 103

285 676 396 742 Sparge
409 673 534 726 subinde
546 679 585 735 et,
600 673 626 725 si
638 673 762 740 paulum
774 679 869 741 potes,
883 673 1088 727 inlacrimare:

154 794 251 853 Serm.
269 794 313 858 II,
333 795 363 862 7,
381 793 474 849 38-39

285 908 372 961 ‘duci
384 913 487 960 ventre
499 907 606 969 levem,
620 923 726 958 nasum
738 906 842 959 nidore
855 907 988 975 supinor,

285 991 455 1052 inbecillus,
469 990 559 1052 iners,
574 990 673 1058 siquid
686 990 740 1052 vis,
754 990 839 1053 adde,
853 991 973 1058 popino.

195 1112 259 1168 'l'he
275 1109 457 1168 conditional
471 1109 572 1184 period
594 1108 760 1186 siquiden,
778 1108 865 1179 adde,
878 1109 987 1187 popino
1000 1129 1070 1187 may
1085 1112 1121 1168 be
1132 1112 1306 1170 considered
1318 1133 1350 1170 as

154 1211 348 1286 parenthetic.

154 1346 250 1418 Epist.
269 1346 297 1415 Ι,
315 1347 344 1414 5,
364 1346 381 1402 6

285 1460 317 1513 Si
329 1460 438 1513 melius
449 1460 521 1527 quid
534 1460 634 1521 habes,
648 1475 772 1520 arcesse,
786 1460 835 1512 vel
846 1458 1006 1526 imperium
1020 1461 1072 1511 ier.

157 1580 253 1653 Epist.
272 1579 299 1647 I,
317 1581 347 1644 9,
368 1580 462 1637 11-13

951 1659 1064 1724 Quodsi

285 1744 456 1811 depositum
468 1744 572 1796 laudes
584 1744 621 1795 ob
634 1742 723 1794 amici
734 1742 816 1794 iussa
828 1743 983 1809 pudorem,

287 1828 382 1880 scribe
395 1827 440 1880 tui
451 1826 550 1894 gregis
563 1828 643 1878 hunc
654 1832 685 1879 et
697 1827 805 1878 fortem
817 1826 904 1879 erede
915 1826 1093 1894 bonumque.

156 1947 251 2022 Epist.
268 1948 313 2014 II,
334 1951 362 2017 1,
381 1947 517 2011 tlt-218

288 2066 400 2114 Verum
411 2078 464 2129 age
476 2066 506 2113 et
519 2061 576 2123 his,
590 2060 642 2128 qui
654 2077 684 2112 se
697 2061 803 2113 lectori
815 2060 933 2112 credere
945 2061 1062 2113 malunt

288 2161 376 2214 quam
388 2144 563 2212 spectatoris
576 2144 695 2196 fastidia
708 2145 785 2196 serre
797 2143 926 2211 superbi,

290 2245 390 2280 curam
403 2228 492 2280 redde
505 2228 634 2289 brevem,
651 2228 676 2279 si
688 2243 797 2279 munus
810 2226 952 2294 Apolline
964 2226 1089 2294 dignum

290 2311 334 2364 vis
347 2313 496 2378 complere
510 2310 595 2364 libris
606 2316 637 2363 et
649 2311 766 2364 vatibus
778 2311 886 2363 addere
899 2310 1004 2372 calcar,

290 2401 323 2448 ut
335 2395 434 2447 studio
447 2394 557 2446 maiore
570 2400 673 2461 petant
686 2394 831 2447 Helicona
844 2393 998 2446 virentem.

157 2514 254 2588 Epist.
273 2515 317 2584 ΙΙ,
336 2516 366 2584 2,
384 2515 444 2571 213

289 2631 397 2683 Vivere
410 2631 435 2682 si
448 2635 526 2682 recte
539 2627 644 2690 nescis,
659 2628 768 2680 decede
780 2628 894 2695 peritis.

261 2751 311 2824 b).
356 2749 451 2808 Third
468 2750 580 2807 Persou
598 2747 748 2823 Singular.

158 2882 193 2942 C.
213 2882 244 2942 S.
261 2884 354 2941 37-48

293 3002 387 3050 Roma
400 2997 425 3049 si
438 3004 570 3051 vestrum
582 3005 629 3051 est
639 3014 716 3065 opus
728 2998 860 3064 Iliaeque

291 3080 375 3137 Litus
388 3082 547 3136 Etruscum
559 3087 681 3134 tenuere
694 3087 817 3143 turmae,

291 3168 376 3216 Iussa
388 3180 456 3231 pars
469 3171 583 3218 mutare
597 3170 685 3222 Lares
697 3170 728 3217 et
739 3165 842 3216 urbem

324 3248 442 3315 Sospite
456 3265 555 3310 cursu,

293 3349 348 3400 Cui
360 3365 414 3416 per
425 3349 578 3401 ardentem
590 3348 654 3401 sine
669 3349 772 3401 fraude
784 3348 903 3400 Troiam

292 3434 397 3485 Castus
409 3436 523 3484 Aeneas
536 3432 647 3499 patriae
660 3438 810 3499 superstes

292 3516 432 3572 Liberum
445 3516 574 3568 munivit
585 3516 652 3578 iter,
671 3516 795 3568 daturus

325 3601 415 3651 Plura
433 3599 561 3652 relictis:

292 3699 339 3761 Di,
354 3699 462 3767 probos
474 3716 571 3752 mores
583 3699 676 3752 docili
688 3699 836 3760 iuventae,

293 3784 340 3845 Di,
355 3784 502 3836 senectuti
514 3785 647 3851 placidae
659 3783 799 3851 quietem,

294 3869 440 3919 Romulae
452 3867 536 3933 genti
548 3868 615 3920 date
629 3883 749 3934 remque
762 3867 936 3933 prolemque

327 3952 367 4006 Et
378 3951 469 4002 decus
481 3967 568 4002 omne
578 3966 584 4013 ;

163 4070 258 4129 Serm.
277 4070 321 4137 ΙΙ,
343 4073 376 4138 1,·
391 4069 483 4126 10-12

294 4188 355 4236 Aut
366 4185 391 4235 si
403 4190 506 4237 tantus
519 4201 603 4237 amor
615 4184 764 4237 scribendi
776 4189 805 4236 te
818 4183 905 4250 rapit,
920 4181 994 4234 aude

297 4268 428 4320 Caesaris
440 4267 546 4321 invicti
558 4286 604 4320 res
616 4268 724 4330 dicere,
739 4268 834 4319 multa
847 4266 981 4318 laborum

295 4350 425 4418 praemia
437 4353 572 4404 laturus!

758 4453 776 4507 4
