3194 5250
116 500 172 558 Od.
189 501 251 565 ΙΙΙ,
269 502 300 567 9,
321 501 413 556 15-16

249 635 305 684 Pro
317 649 376 700 quo
387 632 433 685 bis
451 632 548 699 patiar
560 633 645 694 mori,

281 717 312 769 Si
325 722 448 782 parcent
459 731 551 783 puero
564 717 624 768 iata
637 716 811 783 superstiti.’

117 855 157 910 A.
176 855 213 911 P.
231 854 326 910 52-53

249 992 278 1037 et
290 1001 367 1038 nova
379 987 505 1052 fictaque
518 999 615 1051 nuper
628 985 780 1037 habebunt
792 986 880 1038 verba
892 986 991 1047 fidem,
1007 986 1033 1037 si

248 1071 361 1120 Graeco
375 1070 457 1120 fonte
470 1069 577 1120 cadent
589 1084 676 1135 parce
689 1068 816 1121 detorta.

117 1208 158 1262 A.
176 1206 211 1262 P.
233 1206 368 1261 112-113

249 1337 280 1390 Si
293 1337 420 1389 dicentis
432 1343 521 1388 erunt
533 1337 661 1389 fortunis
674 1337 784 1388 absona
795 1337 884 1400 dicta,

249 1420 376 1472 Romani
389 1421 500 1472 tollent
510 1420 625 1488 equites
638 1420 812 1489 peditesque
826 1421 1016 1472 cachinnum.

159 1557 194 1613 B.
220 1556 354 1614 Protesis
370 1556 542 1614 introduced
558 1558 598 1633 by
612 1555 638 1612 si
651 1576 721 1612 uon.

222 1655 268 1734 a).
315 1655 430 1715 Second
446 1659 557 1715 Person
575 1656 727 1728 Singular.

119 1810 159 1865 A.
177 1809 213 1866 Ρ.
234 1808 369 1864 131-135

251 1939 373 1991 Publica
385 1941 523 1992 materies
535 1940 644 2007 privati
656 1940 731 1992 iuris
743 1940 810 2002 erit,
825 1940 850 1992 si

250 2040 310 2075 non
324 2024 401 2075 circa
413 2025 503 2076 vilem
516 2026 712 2091 patulumque
726 2023 887 2075 moraberis
900 2024 1012 2084 orbem,

250 2123 305 2159 nec
317 2108 406 2160 verbo
419 2108 541 2160 verbum
554 2107 670 2159 curabis
682 2108 805 2159 reddere
817 2107 896 2159 fidus

251 2191 407 2257 interpres,
422 2207 476 2243 nec
487 2191 608 2243 desilies
619 2191 752 2243 imitator
764 2191 795 2242 in
808 2197 915 2252 artum,

252 2274 330 2325 unde
344 2274 450 2341 pedem
463 2276 594 2341 proferre
607 2275 704 2341 pudor
716 2280 797 2326 vetet
808 2279 861 2325 aut
873 2273 970 2340 operis
982 2275 1040 2325 lex.

223 2396 270 2467 c).
317 2392 400 2450 Nt-si
414 2414 483 2450 ooo.

161 2513 201 2568 A.
227 2510 342 2569 Second
358 2513 469 2569 Persou
494 2509 646 2586 Singulur.

118 2645 214 2720 Epist.
233 2646 309 2715 1‚·2‚
328 2646 422 2702 34-37

849 2749 880 2794 et
892 2743 924 2794 ni

251 2843 354 2894 posces
366 2833 434 2878 ante
448 2826 526 2878 dicm
540 2827 650 2878 librum
664 2842 731 2877 cum
743 2826 868 2888 lumine,
883 2826 908 2878 si
920 2842 980 2877 non

249 2910 386 2962 intendes
398 2910 530 2962 animum
544 2910 650 2962 studiis
663 2915 694 2961 et
704 2910 791 2961 rebus
803 2910 946 2971 honestis,

250 2993 365 3047 invidia
377 2995 425 3047 vel
437 3010 537 3045 amore
550 2993 625 3060 vigil
636 2994 820 3061 torquebere.

224 3135 250 3187 l.
294 3131 359 3188 The
375 3131 486 3188 Future
503 3129 532 3185 in
548 3130 597 3187 the
613 3130 763 3204 Apodosis
780 3131 832 3187 has
845 3149 882 3186 sn
896 3130 1070 3203 imperative
1087 3128 1177 3185 force.

161 3249 199 3305 A.
225 3248 360 3306 Protesis
377 3247 549 3304 introduced
564 3247 603 3322 by
618 3245 653 3304 si.

222 3367 272 3434 a).
319 3363 434 3422 Second
449 3365 561 3422 Person
578 3362 730 3438 Singulur.

118 3499 215 3573 Epist.
226 3499 253 3567 1,
273 3500 303 3568 7,
321 3499 415 3555 25-28

251 3631 365 3696 Quodsi
377 3646 424 3682 me
437 3632 522 3683 noles
535 3647 659 3697 usquam
672 3631 833 3692 discedere,
848 3631 954 3682 reddes

252 3716 327 3766 forte
341 3716 429 3775 latus,
443 3714 544 3780 nigros
557 3720 684 3781 angusta
696 3715 794 3766 fronte
812 3715 947 3781 capillos,

252 3798 357 3849 reddes
369 3798 456 3849 dulce
470 3797 562 3864 loqui,
576 3798 682 3850 reddes
694 3797 790 3849 ridere
802 3799 942 3849 decorum
954 3804 983 3849 et

250 3881 329 3932 inter
342 3881 410 3933 vina
424 3883 524 3948 fugam
538 3881 660 3933 Cinarae
673 3897 802 3933 maerere
815 3888 980 3948 protervae.

118 4017 215 4093 Epist..
233 4018 260 4086 1,
280 4019 329 4086 17,
349 4018 442 4073 11-12

252 4152 284 4204 Si
296 4153 437 4219 prodesse
450 4152 510 4204 tuis
523 4154 672 4219 pauloque
684 4151 843 4216 benignius
855 4151 955 4218 ipsum

251 4241 281 4287 te
292 4241 419 4287 tractare
431 4237 524 4297 voles,
540 4236 661 4287 accedes
674 4235 769 4287 siccus
782 4235 819 4286 ad
832 4240 965 4286 unctum.

223 4356 274 4422 b).
319 4353 413 4411 Third
427 4355 538 4410 Persou
556 4352 707 4426 Singular.
