3194 5250
207 614 304 673 Serm.
322 614 368 684 Π,
388 613 417 684 6,
436 613 474 670 39

338 744 474 797 Dixeris:
496 742 672 811 ‘Experiarz’
693 741 736 796 ‘Si
748 741 803 804 vis,
818 744 917 810 potes'
931 741 1017 793 addit
1028 746 1058 793 et
1069 741 1171 794 instat.

246 898 292 967 bl.
335 896 430 955 Third
446 898 570 955 Person.

205 1033 302 1091 Serm.
320 1031 366 1101 11,
384 1031 415 1096 7,
433 1030 528 1087 3235

220 1138 229 1170 ‘
901 1141 1027 1195 Iusscrit
1038 1143 1076 1195 ad
1089 1159 1121 1195 se

337 1232 493 1281 Maecenas
506 1243 604 1279 serum
617 1227 672 1278 sub
683 1225 799 1278 lumina
811 1225 908 1292 prima
920 1225 1021 1279 venire

336 1311 508 1365 convivam:
530 1313 649 1362 ‘nemon
662 1311 764 1362 oleum
777 1310 852 1361 feret
864 1309 965 1361 ocius?
1000 1308 1112 1376 Ecquis

336 1394 456 1447 auditi'
476 1409 544 1447 cum
558 1409 666 1461 magno
677 1393 806 1445 blateras
818 1393 947 1445 clamore
961 1392 1108 1460 iugisque.

204 1548 291 1625 166).
337 1545 496 1622 Imperfect
514 1542 915 1622 Snbjunctive—Irnperfect
929 1543 1108 1602 Indicative.

244 1664 293 1740 a).
341 1662 457 1722 Second
474 1664 599 1721 Person.

204 1799 242 1856 A.
261 1799 297 1856 Ρ.
315 1798 451 1854 439-441

669 1909 782 1962 Melius
794 1915 824 1960 te
836 1924 923 1975 posse
937 1924 1069 1976 negares,

334 1995 380 2047 bis
392 2001 496 2063 terque
509 2000 668 2061 expertum
681 1995 800 2054 frustra,
815 1992 915 2044 delere
927 1992 1048 2044 iubebat

333 2084 363 2131 et
376 2079 453 2130 male
465 2083 599 2130 tornatos
610 2076 713 2129 incudi
726 2075 848 2128 reddere
861 2092 973 2129 versus.

202 2231 275 2301 166,
294 2231 344 2304 b).
387 2228 549 2305 Imperfect
564 2226 805 2305 Subjunctivo—

284 2351 334 2423 a).
380 2347 475 2406 Third
491 2306 616 2405 Person.
671 2416 676 2430 .

201 2485 297 2541 Senn.
315 2483 343 2552 Ι,
362 2482 392 2550 6,
412 2482 504 2538 19-22

333 2617 467 2681 Namque
480 2617 555 2675 esto,
570 2615 701 2679 populus
714 2612 845 2670 Laevino
858 2613 963 2665 mallet
975 2614 1120 2664 honorem

333 2713 422 2762 quam
435 2696 525 2748 Decio
538 2697 678 2749 mandare
691 2713 779 2759 novo,
793 2712 956 2765 censorque
969 2702 1101 2750 moveret

331 2780 457 2847 Appius,
471 2779 602 2847 ingenuo
615 2780 639 2832 si
652 2796 712 2832 non
724 2796 820 2832 essem
832 2785 916 2847 patre
928 2786 1030 2833 natus:

332 2865 380 2916 vel
393 2864 509 2926 merito,
524 2863 665 2931 quoniam
677 2864 709 2916 in
722 2864 843 2931 propria
855 2879 915 2916 non
928 2863 1178 2931 pellequiessem.

242 2979 343 3038 Malloi
365 2982 423 3038 and
445 2989 565 3039 moveret
588 2983 664 3038 have
686 3001 704 3039 a
727 2981 909 3039 conditional
931 2981 1011 3039 force
1033 2981 1091 3039 and
1113 2980 1191 3039 refer
1220 2992 1250 3040 to
1280 2992 1395 3058 present

198 3080 280 3139 lime.
325 3082 390 3140 The
408 3081 557 3156 Apodosis
574 3081 598 3139 is
614 3081 735 3156 implied
751 3082 780 3166 in
797 3080 840 3138 vel
854 3082 966 3138 merito.

203 3248 292 3322 167).
338 3247 510 3322 Plnperfect
525 3247 923 3323 subjunctive-Imperfect
939 3249 1116 3307 Indicativo.
1201 3332 1204 3341 Ι

242 3366 290 3439 a).
338 3366 452 3424 Second
468 3367 593 3423 Person.

201 3514 336 3585 Ser1n.I‚
355 3515 385 3585 3,
407 3516 498 3572 15-17

660 3631 786 3684 Deciens
799 3638 923 3685 centena
934 3633 1066 3686 dedisses

331 3713 402 3766 hnic
414 3730 512 3781 parco,
527 3714 630 3780 paucis
642 3721 798 3767 contento:
819 3716 949 3785 quinque
961 3717 1065 3770 diebus

332 3796 376 3849 nil
388 3796 494 3849 eratin
508 3797 625 3849 loculis.

580 3984 633 4036 ΙΙΙ.
653 3985 859 4048 interrogative
876 3987 1032 4038 Paratuia.

231 4150 255 4198 A
269 4145 405 4215 question
419 4162 485 4214 may
498 4146 534 4199 be
547 4149 620 4200 used
633 4148 706 4202 with
719 4150 906 4203 conditional
918 4152 1007 4205 force.

201 4296 290 4373 168).
336 4298 459 4355 Present
475 4299 797 4358 Indicalivo-Future
811 4301 990 4360 Indicative.

240 4414 285 4492 a).
332 4412 447 4474 Second
462 4416 586 4474 Person.
