3194 5250
112 620 209 693 Epist.
229 619 255 682 1,
275 621 325 687 17,
346 619 438 676 13-14

246 735 288 787 ‘Si
300 735 458 801 pranderet
470 735 560 785 holus
572 734 729 801 patienter,
743 734 862 802 regibus
875 735 920 787 nti

244 818 340 869 nollet
351 817 544 884 Aristippus)

114 937 209 1011 Epist.
229 936 255 1005 Ι,
276 938 325 1004 17,
347 938 439 992 14-15

592 1036 634 1088 ‘Si
646 1035 736 1087 sciret
748 1035 867 1102 regibus
881 1037 935 1097 uti,

247 1119 394 1170 fastidiret
407 1120 507 1180 holus,
522 1119 572 1187 qui
586 1135 632 1170 me
645 1124 750 1171 notat’

114 1239 211 1312 Epist.
229 1239 272 1306 ΙΙ,
291 1240 322 1308 2,
343 1239 476 1295 lto-147

246 1353 271 1404 si
283 1353 338 1404 tibi
351 1354 436 1405 nulla
448 1354 530 1406 sitim
542 1354 642 1405 finiret
654 1353 740 1421 copia
751 1355 903 1422 lymphae,

247 1452 380 1488 narrares
393 1437 531 1489 medicis:

155 1556 220 1612 The
242 1565 381 1631 contrary
404 1565 434 1612 to
457 1555 517 1613 furt
539 1556 722 1630 irnplicutiou
746 1559 771 1614 is
794 1548 880 1614 rnude
903 1557 982 1615 clear
1004 1558 1043 1634 by
1065 1577 1083 1614 a
1112 1558 1307 1633 paraphrase,

114 1656 286 1731 practically
313 1656 362 1712 the
388 1669 523 1714 sentence
555 1677 674 1713 rneuus:
720 1657 754 1714 ΙΙ
778 1677 837 1733 you
867 1677 944 1715 were
974 1657 1117 1733 suffering
1148 1658 1224 1716 from
1260 1659 1312 1717 the

113 1757 235 1832 drnpsy,
249 1775 308 1831 you
325 1756 423 1812 would
438 1757 553 1814 consult
569 1777 645 1833 your
660 1757 826 1833 physiciau.

115 1891 212 1965 Epist.
231 1893 275 1958 ΙΙ,
294 1893 323 1961 2,
344 1892 478 1950 156-157

813 1988 919 2040 nempe
932 1974 1063 2035 tuberes,

250 2058 363 2110 viveret
374 2059 405 2109 in
417 2058 505 2109 terris
517 2064 546 2109 te
559 2057 652 2125 siquis
662 2056 776 2109 avarior
788 2073 857 2108 uno.

159 2178 194 2233 B.
222 2174 260 2233 Si
273 2196 341 2233 nou.

222 2277 267 2352 u).
313 2276 408 2334 Third
423 2277 535 2334 Person
553 2275 705 2351 Singulur.

115 2412 212 2486 Epist.
231 2413 275 2480 ΙΙ,
294 2413 325 2480 2,
344 2413 477 2468 149-151

249 2528 281 2580 Si
294 2529 402 2580 volnus
414 2527 470 2579 tibi
483 2533 647 2579 monstrata
660 2527 757 2579 radice
771 2527 818 2580 vel
831 2528 923 2579 herba

249 2627 308 2662 non
321 2613 405 2663 fieret
417 2611 524 2671 levius,
539 2611 656 2677 fugeres
669 2610 767 2662 radice
779 2612 827 2663 vel
840 2611 932 2662 herba

249 2695 422 2761 proficiente
435 2693 514 2746 nihil
526 2694 670 2745 curarier:

159 2815 178 2870 i.
194 2834 221 2870 e.
246 2815 279 2871 ΙΙ
289 2835 347 2891 you
363 2833 440 2871 were
456 2813 627 2889 employing
642 2833 659 2870 u
675 2814 793 2871 method
809 2813 844 2870 of
854 2779 1013 2872 treatment
1025 2812 1122 2870 which
1138 2813 1188 2870 did
1202 2832 1261 2890 you
1277 2833 1314 2870 uo

115 2916 191 2990 good
203 2935 262 2990 you
278 2915 376 2972 would
391 2914 576 2972 discoutiuue
593 2914 625 2971 it.

81 3112 83 3116 Α
117 3053 157 3108 Α.
176 3052 211 3109 Ρ.
231 3051 364 3106 rut-291

250 3169 311 3217 Nec
324 3165 435 3217 virtnte
449 3166 526 3216 foret
538 3165 665 3217 clarisve
678 3165 830 3231 potentius
841 3164 931 3216 armis

250 3266 338 3318 quam
350 3250 454 3316 lingua
467 3249 596 3309 Latium,
611 3249 636 3299 si
650 3263 709 3299 non
722 3249 886 3300 offenderet
898 3265 991 3301 unum

249 3350 395 3402 quemque
408 3340 563 3399 poetarum
576 3333 664 3384 limae
677 3333 761 3384 labor
772 3339 803 3384 et
815 3349 905 3384 mora.

158 3455 193 3515 C.
216 3453 268 3511 Ni.

220 3557 267 3632 a).
312 3553 407 3611 Third
425 3554 535 3610 Person
552 3551 704 3624 singular.

117 3673 203 3733 serm
219 3673 247 3741 Ι,
265 3674 295 3740 ὁ,
314 3671 407 3727 58-59

816 3769 851 3820 ‘O
864 3773 917 3819 tua
929 3784 1020 3820 cornu

248 3854 279 3906 ni
293 3855 369 3906 foret
382 3858 486 3904 execto
499 3853 602 3911 frons,'
617 3850 716 3918 inquit
729 3850 811 3918 ‘quid
825 3851 946 3913 facem,

220 3976 250 4031 2.
296 3972 430 4031 Protasis
446 3972 504 4028 and
520 3971 670 4045 Apodosis
686 3971 756 4028 both
772 3970 915 4045 denoting
930 3979 996 4045 pust
1010 3970 1120 4028 action.

157 4078 198 4134 Α.
223 4073 357 4133 Protosis
373 4072 547 4130 introduced
563 4073 601 4147 by
617 4069 653 4127 si.

218 4175 264 4244 a).
310 4173 405 4232 Third
419 4174 531 4231 Person
544 4170 696 4247 Singulor.

116 4311 213 4386 Epist.
234 4310 260 4377 1,
281 4311 331 4380 17,
349 4309 441 4366 50-51

249 4425 307 4478 Sed
320 4424 429 4476 tacitus
441 4424 522 4490 pasci
535 4423 560 4475 si
573 4429 674 4490 posset
686 4437 802 4482 corvus,
817 4421 940 4472 haberet

249 4510 318 4576 plus
331 4508 417 4575 dapis
429 4514 460 4559 et
472 4507 552 4559 rixae
566 4508 663 4558 multo
676 4505 775 4556 minus
788 4504 986 4571 invidiaeque.
