3194 5250
198 551 240 608 Δ.
257 550 293 607 P.
311 548 371 605 365

331 682 405 732 haec
416 679 533 747 placuit
544 679 648 740 semel,
661 680 735 731 baec
746 678 868 732 deciens
879 679 1001 747 repetita
1013 681 1156 747 placebit.

240 815 276 876 C.
322 817 436 873 Futura
451 814 624 889 Participle.
663 796 668 807 ⁶

202 933 261 994 Od.
279 934 325 1002 11,
343 933 374 1003 6,
394 933 446 988 1-4

330 1063 467 1131 Septimi,
482 1063 575 1116 Gadis
586 1063 705 1117 aditure
715 1080 832 1116 mecum
844 1069 875 1116 et

330 1148 512 1200 Cantabrum
523 1147 679 1199 indoctum
690 1147 761 1213 iuga
773 1149 849 1199 ferre
861 1153 963 1200 nostra
974 1156 1006 1200 et

331 1231 472 1283 Barbarae
484 1230 591 1298 Syrtis,
602 1230 654 1282 ubi
666 1234 771 1282 Maura
782 1245 900 1298 semper

366 1318 491 1366 Aestuat
508 1314 603 1365 unda:

241 1449 367 1519 aditure,
391 1450 412 1506 i.
430 1468 457 1506 e.
482 1448 593 1526 siopus
607 1447 654 1518 sit,
671 1446 764 1526 ready
778 1455 806 1505 to
821 1467 868 1524 9⁰·
914 1447 963 1506 cf.
981 1446 1040 1508 Od.
1058 1449 1106 1507 IV
1108 1490 1116 1521 ,
1136 1450 1167 1521 3,
1185 1451 1236 1508 20.
1272 1451 1274 1457 ’

198 1566 295 1627 Serm.
313 1568 340 1638 I,
361 1567 411 1639 10,
429 1567 523 1624 72·73

335 1701 429 1766 Saepe
441 1689 548 1751 stilum
566 1703 674 1759 vertas,
688 1696 799 1749 iterum
811 1713 885 1766 quae
898 1697 989 1765 digua
1002 1698 1063 1764 legi
1075 1698 1137 1752 sint

333 1782 502 1849 scripturus,

200 1917 248 1978 cf.
267 1887 364 1977 som.
378 1918 423 1988 11,
441 1918 471 1987 a,
489 1918 529 1974 44

333 2054 430 2116 ‘capta
441 2054 507 2111 est‚'
522 2048 653 2102 deterior
664 2054 733 2117 post
745 2053 864 2116 partum
876 2047 1087 2113 carnefutum.

240 2187 292 2244 i.c.
317 2206 391 2263 quae
405 2184 522 2262 quidem
537 2204 623 2242 carne
639 2183 763 2241 deterior
778 2192 855 2253 esset,
872 2183 973 2262 sipost
983 2192 1104 2262 partum
1120 2192 1206 2263 capto
1221 2193 1299 2242 esset.

200 2438 291 2513 139).
337 2435 461 2495 Gerund
477 2435 624 2512 implyiug
638 2454 657 2491 a
672 2433 834 2493 condition.

199 2553 257 2614 ou.
275 2554 319 2624 11,
338 2555 369 2623 2,
387 2532 461 2610 9110

334 2669 437 2724 Latius
449 2684 555 2736 regnes
567 2667 689 2720 avidum
701 2667 846 2719 domando

332 2752 489 2820 Spiritum,
508 2751 637 2819 quamsi

199 2887 258 2949 od.
276 2889 321 2960 11,
342 2888 393 2958 10,
413 2889 464 2943 1·4

336 3021 459 3073 Rectius
472 3020 563 3081 vives,
579 3019 685 3081 Licini,
699 3036 795 3087 neque
807 3020 904 3071 altum

332 3107 456 3171 Semper
468 3104 603 3171 urgendo
615 3119 721 3170 neque,
734 3103 808 3154 dum
820 3103 969 3170 procellas

335 3190 447 3241 Cautus
458 3186 617 3248 horrescis,
631 3185 759 3238 nimium
766 3185 925 3252 premendo

369 3271 454 3327 Litus
466 3269 611 3337 iniquom.

203 3507 289 3585 140).
335 3506 494 3565 Conditiou
511 3504 632 3580 implied
648 3504 678 3561 in
694 3524 733 3561 an
748 3504 871 3562 adverb.

200 3624 251 3698 a).
296 3622 355 3684 od.
373 3623 418 3692 ΙΙ,
439 3624 487 3691 10,
507 3622 602 3678 22-24

600 3736 750 3800 sapienter
759 3736 840 3788 idem

335 3822 500 3876 contrahes
513 3826 605 3874 vento
617 3819 745 3872 nimium
757 3818 889 3872 secundo

371 3904 501 3973 Turgida
514 3904 590 3958 vela.

247 4022 425 4083 Commius:
450 4025 499 4083 the
516 4024 629 4082 Futute
644 4023 699 4080 bas
716 4022 892 4098 imperativo
906 4020 999 4079 force.

201 4160 300 4219 Sertis.
319 4160 348 4219 1.
368 4160 417 4219 10.
436 4160 489 4216 5·ss

336 4278 397 4327 Ncc
410 4283 510 4327 tamen
522 4276 580 4326 boc
593 4272 731 4325 tribuens
742 4271 875 4325 dederim
887 4288 1006 4340 quoque
1016 4278 1129 4325 oeten:
1150 4289 1219 4325 uam
1229 4273 1272 4326 sic

336 4368 366 4412 ct
380 4357 484 4415 {uberi
498 4357 605 4409 ruinius
617 4366 651 4409 ut
663 4358 789 4425 pulcbru
800 4362 937 4423 poemata
948 4355 1048 4408 mirer.
