3194 5250
852 402 890 457 ‘22

318 589 352 644 In
369 586 455 655 Cato,
481 587 516 642 de
533 589 623 661 Agr,
649 587 739 643 Auct.
758 587 795 642 ad
812 587 901 655 Her,
926 588 985 645 aud
1002 589 1112 655 Varro,
1130 587 1167 644 R.
1188 587 1239 654 R,
1265 604 1302 641 on
1319 586 1367 641 the
1391 585 1477 642 other

277 689 367 755 hand,
386 687 456 763 only
471 706 489 743 a
505 684 560 742 few
574 686 721 744 instances
737 684 772 743 of
782 686 808 742 si
823 687 929 744 est-erit
943 707 993 744 are
1006 688 1107 756 found,
1126 686 1214 742 while
1230 685 1256 741 si
1267 683 1389 741 erit-erit
1404 685 1429 740 is
1445 683 1481 739 os

278 787 414 862 frequent
429 804 615 843 occurrence.

319 889 353 944 In
370 886 474 945 Cicero
491 886 553 943 also
576 886 625 943 the
641 887 729 943 latter
744 887 944 944 combination
967 887 1197 962 predomiuates,
1215 886 1272 942 and
1289 885 1337 942 the
1354 903 1436 940 same
1454 884 1479 940 is

276 998 340 1044 true
356 986 390 1043 of
409 987 575 1055 Lucretius,
602 987 732 1055 Horace,
757 987 806 1043 the
828 987 951 1059 Elegiae
974 988 1073 1056 Poets,
1100 985 1268 1054 Vitruvius,
1294 983 1474 1052 Columella,

277 1088 336 1143 and
353 1086 532 1159 Quintilian.
1315 1076 1318 1083 ’

324 1186 360 1244 Si
375 1187 446 1244 with
462 1187 634 1245 Pres.·Fut.
654 1186 699 1266 (si
714 1187 838 1262 est-erit)
855 1187 878 1244 is
894 1187 943 1244 the
958 1207 1040 1243 more
1056 1205 1191 1244 common
1207 1185 1237 1241 in
1254 1185 1376 1254 Sallust,
1402 1184 1480 1260 Livy

277 1289 306 1344 in
323 1287 368 1344 lris
391 1288 528 1362 speeches
549 1287 607 1343 end
631 1284 754 1354 Seneca,
773 1287 808 1343 de
830 1287 904 1344 Ben.
951 1287 986 1344 In
1011 1289 1068 1344 late
1084 1286 1173 1344 Latin
1197 1285 1279 1342 there
1297 1285 1321 1341 is
1337 1304 1355 1341 a
1377 1296 1478 1340 return

276 1399 305 1445 to
321 1389 370 1445 the
392 1406 483 1460 usage
499 1385 533 1443 of
552 1387 676 1444 Plautus
691 1387 750 1443 aud
772 1388 915 1454 Terence,
941 1388 1000 1443 end
1015 1387 1040 1442 st'
1062 1387 1133 1443 with
1157 1385 1314 1442 Fut-Fut.
1339 1385 1477 1441 becomes

278 1489 512 1565 comparatively
526 1507 605 1544 rare.

323 1587 359 1646 Si
374 1589 481 1645 erit-est
496 1589 565 1645 does
589 1598 639 1645 not
655 1606 743 1645 occur
759 1589 788 1644 in
812 1589 921 1656 Varro,
948 1586 1071 1657 Sallust,
1097 1588 1228 1655 Horace,
1253 1585 1400 1652 Catullus,
1420 1585 1479 1640 aud

276 1690 425 1758 Tibullus,
443 1689 501 1745 aud
517 1689 546 1744 in
570 1688 689 1762 general
712 1688 736 1745 is
761 1689 848 1745 much
864 1688 920 1745 less
943 1687 1023 1745 often
1048 1687 1140 1744 found
1162 1687 1233 1764 than
1258 1686 1352 1743 either
1374 1683 1409 1740 of
1429 1684 1480 1741 the

278 1791 362 1847 other
378 1802 437 1847 two
453 1789 681 1846 combinations.

384 1910 411 1962 1.
455 1907 519 1963 The
535 1907 659 1963 Present
675 1906 795 1962 denotes
812 1915 929 1979 present
944 1905 1027 1962 tiure.

322 2010 360 2064 A.
387 2006 521 2064 Protasis
536 2005 709 2063 introduced
725 2007 762 2081 by
778 2005 813 2061 si.

383 2110 433 2180 a).
479 2106 573 2162 Third
589 2106 701 2163 Porson
719 2105 869 2180 Singular.

285 2206 342 2265 Od.
361 2209 405 2274 11,
427 2207 475 2276 10,
495 2206 588 2262 17-18
927 2194 929 2200 ’

414 2390 433 2441 S
565 2323 642 2381 Non,
657 2321 681 2371 si
695 2322 772 2372 male
785 2336 874 2381 nunc,
888 2327 918 2372 et
930 2320 1002 2371 olim

435 2388 463 2439 ic
475 2387 548 2438 erit:

281 2508 377 2583 Epod.
398 2510 448 2575 15,
470 2509 558 2562 12-14

448 2625 523 2673 Nam
537 2622 635 2688 siquid
648 2622 678 2672 in
693 2623 798 2672 Flacco
812 2622 867 2674 viri
879 2627 933 2682 est,

415 2709 480 2755 Nou
495 2706 570 2755 ieret
582 2705 715 2756 assiduas
728 2705 837 2772 potiori
849 2711 878 2757 te
891 2706 960 2757 dare
973 2711 1074 2756 noctes

447 2791 486 2842 Et
499 2794 619 2854 quaeret
631 2788 724 2839 iratus
737 2803 847 2853 parem,

386 2909 415 2961 ⁴2.
462 2907 526 2963 The
542 2907 666 2963 Present
688 2905 779 2962 refers
796 2917 846 2963 not
868 2906 983 2982 strictly
999 2917 1028 2962 to
1052 2915 1169 2979 present
1191 2904 1384 2990 trinetatis
1408 2896 1482 2959 used

283 3007 311 3062 iu
329 3027 346 3061 a
362 3007 481 3079 general
497 3025 593 3062 sense.

327 3110 365 3162 Α.
388 3107 521 3162 Protasis
538 3105 709 3162 introduced
727 3107 763 3181 by
779 3105 813 3161 si.

388 3210 436 3278 a).
480 3205 593 3263 Second
612 3207 722 3262 Person
740 3205 890 3280 Singular.

284 3306 341 3364 Orl.
362 3306 417 3365 IV.
438 3309 465 3373 l,
485 3307 559 3361 9-12

415 3420 633 3486 Tempestivius
645 3420 677 3470 iu
690 3421 810 3471 domum

452 3505 546 3563 Pauli,
561 3504 719 3570 purpureis
731 3506 794 3555 ales
806 3503 937 3555 oloribus

417 3587 617 3638 comissabere
631 3586 764 3646 Maximi,

452 3670 482 3721 Si
496 3677 606 3721 torrere
619 3670 699 3721 iecur
711 3670 827 3737 quaeris
838 3657 994 3721 idoneum:

287 3807 382 3880 upra
402 3807 428 3870 1,
448 3809 477 3872 a,
501 3808 549 3862 ra

418 3921 448 3972 Si
462 3929 546 3988 potes
560 3921 711 3973 Archiacis
724 3922 848 3974 conviva
862 3923 1030 3973 recumbere
1046 3923 1130 3973 lectis

419 4021 472 4054 nec
485 4005 599 4056 modica
612 4021 715 4056 cenare
729 4005 816 4056 times
830 4007 918 4056 holus
931 4021 1017 4056 omne
1031 4008 1152 4071 patella,

419 4103 557 4153 supremo
570 4095 597 4139 te
612 4089 674 4139 sole
686 4088 776 4148 domi,
792 4087 948 4155 Torquate,
963 4089 1095 4139 manebo.

289 4206 383 4279 Epist.
399 4206 425 4270 l,
449 4208 495 4272 lt,
515 4208 565 4262 7-9

420 4320 450 4372 Si
465 4322 539 4371 forte
553 4321 583 4371 in
598 4321 695 4372 uredio
708 4322 872 4385 positorum
885 4323 1047 4387 apsteruius
1061 4323 1159 4373 herbis

422 4403 495 4454 rivis
509 4411 537 4454 et
550 4405 653 4461 urtica,
669 4404 709 4454 sic
724 4405 804 4455 vires
818 4406 953 4470 protinus
966 4412 999 4455 ut
1011 4413 1039 4456 te

422 4486 577 4536 corriestinr
592 4487 723 4553 liquidus
738 4489 883 4538 Fortunae
897 4487 976 4538 rivus
989 4489 1113 4546 inauret,
